2492 3942
29 3653 49 3714 Ι

160 295 877 381 Auucmcccxxttffiucnk.ro.
940 329 997 384 nst

78 449 200 542 Eques,
221 449 414 538 auxiliaque,
435 449 488 550 sibi
511 451 566 541 ipsi
581 452 684 519 locum
699 452 823 544 legere.
845 447 1002 518 Proeliunx

77 545 145 634 tota
168 565 256 632 noble
278 565 413 646 uarium,
435 559 566 656 anceps,
589 584 680 634 atrox
687 593 699 656 3
721 567 767 634 his
774 617 785 650 ,
808 587 928 633 rursum
958 566 1000 632 il-

78 684 134 764 lis,
156 682 331 750 exitiabile.
355 679 441 750 Nihil
465 683 602 766 animus,
624 703 678 750 aut
699 704 824 766 manus,
846 703 887 748 ne
917 681 1001 747 oculi

77 799 202 890 quidem
226 797 349 889 provisu
363 798 523 879 juvabant:
545 799 654 868 eadem
671 817 802 890 utraque
819 801 1001 866 aciearnxa:

76 913 191 992 crebris
212 914 504 1004 interrogationibus
519 933 628 982 notum
645 935 758 1008 pugnae
781 919 996 1007 signum(49):

76 1030 230 1120 permixta
255 1023 387 1111 uexilla,
410 1047 444 1096 ut
466 1030 594 1122 quisque
615 1033 742 1124 globus,
763 1049 852 1121 capta
873 1052 912 1096 ex
940 1030 1003 1118 hoss

75 1147 186 1229 stibus,
208 1146 268 1212 huc
291 1145 339 1212 vel
361 1145 436 1215 illuc
458 1148 619 1238 raptabat.
650 1143 835 1242 Urgebatur
863 1148 998 1212 manime

75 1263 203 1353 septima
225 1261 326 1353 legio,
352 1285 451 1352 nuper
472 1260 604 1332 aGalba
616 1266 806 1355 conscripta.
828 1261 934 1330 Occisi
945 1281 1000 1327 sext

72 1379 244 1468 primorum
267 1377 407 1446 ordinum
428 1381 642 1467 centuriones;
663 1381 790 1472 abrepta
803 1379 946 1469 quaedam
958 1377 1003 1464 sis

71 1519 149 1588 gna.
171 1494 278 1586 Ipsam
299 1495 432 1585 aquilam
456 1493 574 1565 Atilius
599 1497 726 1580 Verus,
746 1495 894 1587 primipili
921 1515 997 1563 cen-

73 1612 154 1678 turio
175 1619 272 1702 (50),
293 1613 392 1680 multa
414 1636 484 1682 cum
505 1613 641 1680 hostiurn
661 1633 787 1706 strage,
809 1612 844 1681 ἄ
867 1611 907 1678 ad
937 1633 993 1677 ex·

73 1745 210 1798 tremum
231 1727 382 1810 moriens,
404 1747 597 1798 seruauerat.

128 1843 264 1912 XXIII.
280 1842 431 1910 Sustinuit
455 1843 608 1910 labantem
629 1846 728 1912 aciem
742 1841 921 1924 Antonius,
946 1861 999 1908 ac·

71 1959 153 2030 citis
163 1957 381 2048 praetorianis:
406 1959 457 2046 qui
470 1957 517 2026 ubi
531 1979 683 2050 excepere
696 1981 851 2050 pugnam,
876 1957 1000 2048 pellunt

72 2077 197 2152 hostem
207 2121 219 2156 ‚
243 2071 315 2140 dein
328 2070 503 2161 pelluntur.
526 2072 847 2162 NamqueVitelliani
861 2092 1002 2147 tormen7

72 2210 106 2258 ta
130 2192 163 2256 in
188 2209 341 2282 aggerem
365 2187 424 2254 viar
445 2187 665 2270 contulerant,
687 2209 721 2255 ut
746 2187 810 2254 tela
831 2209 935 2267 vacuo
953 2203 1004 2252 at⁴

71 2329 131 2400 que
154 2322 268 2400 aperto
291 2319 530 2386 excuterentur,
552 2303 685 2394 dispersa
707 2302 827 2394 primo,
848 2301 883 2371 ὅ(
912 2303 1002 2368 arbu-

73 2425 148 2508 stis,
169 2425 237 2492 sine
259 2421 394 2489 hostiurn
417 2445 515 2503 noxa,
545 2420 653 2488 inlisa.
679 2419 905 2516 Magnitudine
935 2419 1001 2486 exi-

72 2543 135 2608 mia
157 2538 407 2630 quaintaedecimae
429 2537 559 2630 legionis
583 2537 709 2620 balista,
732 2538 910 2630 ingentibus
923 2535 1001 2606 saxis

71 2655 223 2721 hostilem
244 2656 340 2720 aciem
364 2656 547 2744 proruebat:
577 2655 701 2747 lateque
730 2654 850 2721 cladem
878 2653 1000 2721 intulis·

73 2789 143 2854 set,
168 2770 202 2837 ni
226 2769 287 2836 duo
310 2770 443 2854 milites,
466 2771 651 2860 praclarum
672 2768 788 2838 facinus
808 2773 873 2838 ausi
881 2820 893 2853 ,
913 2793 1001 2838 arte·

72 2888 135 2977 ptis
158 2910 178 2954 e
201 2903 308 2978 strage
330 2887 423 2952 scutis
444 2863 598 2979 ignorati,
624 2887 731 2954 vincla
752 2909 789 2955 ac
819 2886 1003 2955 libramenta

74 3019 307 3070 tormentorum
333 3003 543 3069 abscidissent.
566 3003 680 3070 Statim
691 2999 924 3085 confessisunt,
944 2991 1003 3068 eo-

73 3141 133 3208 que
155 3117 349 3186 intercidere
372 3120 513 3187 nomina:
534 3119 573 3186 de
603 3117 681 3186 sacto
711 3119 792 3186 baud
820 3117 1016 3210 ambigitur..

75 3232 204 3310 Neutro
227 3234 431 3302 inclinaverat
452 3230 598 3316 fortuna,
620 3235 739 3317 donec,
761 3234 866 3302 adulta
896 3232 1004 3315 nolle,

76 3350 150 3416 luna
173 3370 302 3440 surgens
315 3351 495 3418 ostenderet
509 3353 608 3434 acies,
630 3347 833 3441 falleretque.
857 3347 1005 3416 scotta·

77 3462 173 3543 uianis
197 3465 312 3554 aequior
337 3489 357 3532 a
379 3484 487 3558 tergo:
512 3465 583 3533 hinc
605 3470 738 3556 majores
761 3483 909 3550 equorum
923 3463 1006 3528 uiro«

642 3579 712 3656 Ns
