2492 3942
200 187 910 301 inueneccxxunnnfflnsa.
970 253 1008 306 33

24 417 25 438 s
99 371 295 464 navigatione
318 392 436 464 aegros,
466 371 650 461 impensiore
677 395 749 438 cura
770 372 870 439 Galba
891 369 1012 440 refove-

24 493 26 518 *
100 491 164 554 bat.

141 717 244 786 Plebis
267 719 406 790 adulatio
428 718 470 794 In
492 720 630 786 levitas.
658 721 827 787 cuneatur
854 717 973 801 Galba,

222 842 361 903 incertus
383 837 585 914 numerumn,¹
603 855 643 900 an
672 837 886 904 occurrendum

473 952 660 1016 discrimini.
1012 975 1021 1010 r

116 1229 118 1234 -
160 1179 305 1268 XXXII.
325 1177 482 1250 Universa
505 1184 565 1262 jnm
588 1182 674 1271 plebs
691 1184 838 1273 palatium
861 1185 1018 1274 implebat,

109 1298 209 1364 mixtis
231 1297 384 1378 servitiis,
408 1295 443 1362 ἃ
464 1296 583 1362 dissono
604 1297 765 1381 clamore,
794 1300 907 1368 caedem
927 1299 1021 1365 Otho-

111 1419 177 1494 nis,
200 1414 243 1488 ir·
264 1415 497 1498 conjuratorum
526 1416 655 1480 exitium
684 1415 902 1504 poscentium,
931 1432 967 1480 ut
994 1413 1023 1478 si

112 1529 143 1594 in
163 1529 261 1608 circo,
285 1550 321 1594 ac
344 1528 488 1610 theatro,
509 1529 661 1596 ludicrum
675 1529 798 1620 aliquod
812 1531 1021 1622 postularent.

112 1641 219 1733 Neque
240 1643 302 1708 iilis
324 1643 499 1725 judicium,
527 1661 580 1711 aut
603 1646 739 1712 veritas:
767 1648 882 1738 quippe
911 1647 1022 1712 eodem

112 1758 161 1825 die
182 1757 298 1825 diversa
321 1759 388 1847 pari
413 1761 581 1826 certamine
596 1761 807 1848 postulaturis:
828 1762 882 1828 sed
906 1759 1025 1826 tradito

112 1895 219 1954 more,
249 1895 471 1966 quemcumque
493 1873 669 1966 Principem
693 1879 862 1962 adulandi,
898 1875 1026 1943 licentia

117 1987 393 2071 acclamationum,
421 1989 455 2058 &
477 1990 582 2056 studiis
605 1992 761 2059 inanibus.
791 1991 923 2059 Interim
944 1989 1025 2055 Gal-

116 2104 185 2169 bam
205 2103 276 2169 duae
299 2108 458 2171 sententiae
479 2105 682 2171 distinebant.
705 2103 810 2172 Titius
825 2106 938 2173 Vinius
959 2124 1026 2167 ma-

115 2221 244 2286 nendum
266 2225 350 2286 intra
371 2223 513 2302 domum,
535 2222 707 2308 opponenda
727 2223 878 2300 servitia,
893 2215 1028 2299 firman-

117 2335 166 2400 dos
189 2335 312 2417 aditus,
335 2359 393 2402 non
421 2337 548 2402 eundum
569 2337 728 2405 aed'iratos
747 2335 912 2404 censebat:
940 2331 1030 2398 darer

117 2450 267 2517 melorum
287 2455 493 2537 penitenti-se,
516 2453 605 2518 daret
619 2453 767 2523 bonorum
781 2452 936 2522 consensui
957 2452 1031 2534 spe-

118 2567 215 2630 rium:
241 2566 356 2632 scelera
378 2571 510 2652 impetu,
534 2567 611 2634 Inna
636 2570 760 2636 consilis
782 2591 872 2636 mora
894 2566 1037 2635 valesce«

119 2701 171 2744 re.
194 2684 332 2766 Denique
353 2683 440 2747 eundi
463 2684 565 2764 ultro,
586 2687 613 2748 si
636 2687 720 2750 ratio
733 2689 789 2766 sit,
811 2684 944 2750 ramim
958 2699 1032 2746 muse

115 2792 319 2880 fiscultatem:
340 2817 525 2885 regressus,
553 2803 581 2864 si
605 2802 772 2888 peniteat,
805 2804 838 2865 in
859 2797 957 2865 aliena
973 2810 1033 2884 pe·

119 2927 256 2977 testare.

176 3024 340 3093 XXXIII.
363 3032 579 3098 Festinandum
600 3032 714 3098 ceteris
736 3033 921 3111 videbatur,
947 3048 1034 3098 ante-

123 3161 213 3224 qram
238 3163 390 3212 cresceret
402 3147 539 3212 inualida
553 3145 649 3214 adbuc
665 3152 842 3234 conjuratio
852 3163 1035 3236 paucorum.

125 3257 368 3343 Trepidaturum
391 3264 485 3328 etiam
506 3261 671 3344 othonna,
701 3255 755 3350 qui
775 3265 891 3351 furtim
918 3262 1039 3347 digres-

124 3391 200 3453 sus,
220 3374 263 3438 ad
283 3377 411 3461 ignaros
433 3376 573 3458 inlatus,
593 3376 779 3444 sufflatione
801 3397 902 3456 nunc,
925 3373 969 3446 (9‘
982 3374 1042 3436 “se-

182 3493 414 3580 eranum.
723 3486 755 3552 c
