2492 3942
182 275 893 357 AN.‘U.c.Dcchx11.AER.CHR.oo.
958 308 1001 362 45

85 430 189 522 ptihus
211 428 393 509 exhaustus,
413 430 547 496 socordia
561 430 685 518 insuper
701 430 894 523 elanguerat,
915 427 1006 518 inops

83 569 146 637 pro
168 542 342 633 locuplete,
363 541 397 610 dt
416 544 499 610 iners
520 567 576 634 pro
600 561 748 627 strenuo,
767 548 801 612 in
816 544 1004 634 manipulum

85 661 224 728 redibat:
247 681 282 724 ac
303 681 405 724 rursus
428 659 504 726 alius
525 676 618 748 atque
641 660 734 740 alius,
756 661 865 728 erdem
881 676 1005 752 egesta-

85 793 123 842 te
145 799 181 842 ec
204 774 330 842 licentia
353 776 512 865 corrupti,
533 775 571 841 ed
594 774 811 843 seditiones&
827 774 1005 858 discordias,

84 889 180 958 &ad
203 907 400 975 extremum,
423 890 500 957 bella
521 889 622 956 civilia
646 890 790 956 ruebant.
810 889 872 957 Sed
894 889 1004 972 Otho,

87 1027 126 1072 ne
148 1004 233 1096 vulgi
255 1004 419 1096 largitione
442 1012 512 1094 (93)
532 1005 751 1072 centurionum
778 1006 894 1072 animos
914 1025 1002 1070 aver-

86 1138 193 1202 teret,
208 1117 322 1202 fiscum
344 1143 433 1186 suum
455 1125 629 1188 eucarium
650 1142 771 1187 annuas
793 1122 1004 1189 exsolutorum

87 1235 246 1326 promisit:
268 1255 336 1302 rern
357 1235 438 1302 haud
463 1234 554 1302 dubie
577 1236 713 1317 utilem,
741 1234 777 1302 dt
804 1235 927 1300 abonis
948 1255 1006 1321 po·

88 1368 154 1416 stea
171 1348 382 1438 Principibus,
407 1339 618 1441 perpetuitate
633 1350 816 1440 disciplina,
838 1347 1006 1416 firmatam.

87 1463 175 1532 Laco
199 1462 381 1554 praefellus,
404 1481 558 1558 tamquam
578 1467 611 1532 in
635 1467 764 1532 insulam
786 1481 1005 1554 reponeretur,

87 1581 125 1648 ab
147 1596 297 1664 evocato,
324 1602 415 1671 quem
443 1583 482 1648 ad
504 1581 620 1650 caedern
650 1585 715 1664 ejur
736 1580 826 1648 Otho
847 1579 1007 1670 praemise·

87 1714 157 1780 rat,
176 1692 348 1763 confossus.
371 1696 408 1763 In
430 1696 625 1764 Mattianum
646 1694 783 1780 Icelum,
804 1712 842 1763 ut
866 1696 898 1761 in
912 1693 1007 1760 liher-

93 1827 180 1897 tum,
203 1812 305 1902 palam
325 1811 586 1880 animadversum.

89 2047 236 2131 corpora
251 2043 391 2119 Pisonis,
405 2041 504 2121 Vinii,
519 2039 641 2118 Gallu,
662 2041 830 2126 sepultura
850 2061 1012 2109 concessa.

320 2159 444 2221 Eorum
465 2157 584 2242 ingenia
605 2149 648 2226 O*
662 2173 780 2220 mores.

171 2384 318 2458 XLVII.
345 2385 460 2454 Exadlo
488 2407 546 2477 per
566 2385 685 2452 scelera
704 2385 780 2469 die,
817 2381 1013 2452 novissinrunr

95 2505 246 2570 malorum
267 2501 328 2570 fuit
348 2503 476 2570 laetitis.
499 2503 603 2573 Vocat
625 2520 764 2570 senatum
786 2519 905 2594 praetor
923 2498 1013 2567 utha·

96 2641 151 2684 nus
174 2627 261 2706 (94):
283 2636 406 2686 certant
429 2618 650 2686 adulationihus
670 2620 770 2686 ceteri
798 2621 1011 2712 magistratus.

97 2733 276 2802 Accurrunt
296 2750 417 2824 patres:
438 2734 615 2804 decernitur
630 2732 751 2802 Othoni
773 2734 942 2802 tribunicia
953 2746 1012 2818 po·

96 2865 212 2932 restas,
242 2849 285 2926 le
308 2873 413 2918 nurum
434 2854 592 2938 Augusti,
629 2849 672 2926 O*
702 2872 805 2920 ornnes
833 2851 1012 2935 Principum

99 2963 253 3047 honores,
287 2965 493 3034 adnitentibus
518 2963 632 3032 cunctis
659 2966 783 3033 abulere
811 2964 949 3033 convicia
975 2983 1012 3034 uc

93 3080 226 3168 probra,
248 3101 318 3170 quae
340 3083 510 3170 prorniscue
531 3079 627 3162 jaer,
655 3079 776 3148 haesiue
803 3082 908 3148 animo
927 3079 1013 3159 ejur,

102 3213 188 3260 nemo
211 3195 322 3264 sensit:
345 3197 495 3263 omisisset
509 3196 657 3279 offensas,
677 3220 718 3263 nn
731 3195 920 3276 distulisset,
941 3194 1013 3258 bre·

103 3305 196 3374 vitate
218 3311 339 3400 imperii
360 3313 392 3378 in
413 3312 534 3380 incerto
554 3308 635 3378 fuit.
666 3311 775 3395 Otho,
802 3325 932 3379 cruento
959 3304 1015 3371 td·
1118 3398 1121 3405 Ι

104 3417 164 3489 huc
185 3421 271 3512 foro,
292 3449 349 3518 per
371 3443 508 3520 stragem
528 3426 720 3512 iacentium,
751 3421 1014 3514 incapitolium,
1108 3414 1115 3439 '
