2492 3942
206 319 918 409 -AN.U.C.DCCCXXII.AER.CHR.69·
985 353 1023 410 57

112 492 309 572 Principem,
332 486 391 552 alio
413 489 597 573 imperante.
619 487 766 550 Vestrum
782 501 898 569 quoque
919 497 1027 547 nomen

114 610 147 671 in
169 607 280 670 incerto
300 605 380 682 erit,
401 601 491 670 donec
503 599 715 680 dubitabitur,
737 607 959 687 Imperatorem
969 612 1038 684 por

111 719 182 808 puli
203 720 335 784 Rotnani
357 720 389 782 in
411 720 560 796 castris,
575 737 616 780 an
636 713 753 782 bostem
780 712 937 781 babeatis.
961 715 1036 794 Au,

113 835 241 913 ditisne,
270 848 304 898 ut
328 850 417 919 poena
441 852 526 912 ntea,
555 828 598 906 lt*
618 831 800 918 supplicium
820 848 962 898 oestrum
983 828 1028 890 si.

113 949 180 1015 rnnl
196 946 414 1036 postulentur?
435 947 509 1013 adeo
531 945 724 1031 manifestum
754 964 819 1026 est,
849 967 944 1030 neque
970 958 1027 1030 pe-

114 1068 178 1128 rire
201 1084 273 1142 nos,
295 1081 389 1147 neque
410 1062 518 1130 saluos
541 1084 629 1142 esse,
651 1067 714 1128 nisi
735 1059 814 1142 una,
835 1079 943 1149 posse.
964 1063 1028 1140 Et,

114 1182 200 1262 cujus
224 1177 359 1243 lenitatis
379 1195 424 1242 est
446 1176 545 1244 Galba
559 1184 651 1266 (82),
668 1181 739 1262 jann
754 1177 893 1266 fortasse
911 1177 1028 1265 pronti·

114 1298 175 1360 sit:
196 1308 229 1358 ut
254 1296 320 1378 qui,
342 1293 426 1360 nullo
446 1309 640 1381 exposcente,
661 1311 708 1360 tot
730 1292 829 1360 millia
848 1290 1028 1358 innocentis-

115 1396 264 1476 simorunt
281 1407 417 1474 rnilitum
431 1411 656 1476 trucidaverit.
678 1418 802 1477 Horror
821 1411 957 1474 animum
976 1417 1030 1469 sui

116 1524 183 1604 bit,
207 1526 343 1608 quotiens
365 1524 506 1591 recordor
520 1524 652 1610 feralem
672 1531 855 1606 introitum,
886 1524 930 1600 ly
949 1519 1029 1588 haue

115 1639 215 1708 saun
237 1638 342 1706 Galba
363 1639 551 1722 vilioriam,
572 1664 643 1712 curn
662 1646 696 1708 in
716 1642 807 1709 oeulis
827 1640 921 1706 Urbis
942 1639 1030 1707 doen·

116 1759 200 1823 ntari
222 1755 338 1823 deditos
355 1755 498 1843 juberet,
519 1779 597 1843 quos
611 1759 801 1846 deprecantes
822 1760 855 1822 in
868 1753 965 1838 fidem
977 1772 1033 1821 aes

113 1885 258 1958 ceperat.
279 1876 338 1937 His
360 1875 508 1958 auspiciis
521 1873 825 1960 Urbemingressus,
850 1890 942 1955 quatu
961 1865 1047 1956 glo·-

116 1989 203 2052 riam
223 1985 265 2050 ad
285 1988 502 2074 Principatutn
522 1989 652 2067 adtulit,
674 1990 732 2053 uisi
752 1990 845 2054 occisi
857 1983 1033 2053 Obultronii

119 2095 253 2176 sabini,
281 2094 325 2170 iffi
344 2076 637 2164 carneittintarcettt
656 2105 697 2164 in
725 2103 905 2186 Hispania,
938 2101 1032 2164 Buten

118 2211 260 2281 Chilonis
282 2219 314 2299 (8
320 2217 354 2297 3)
376 2215 408 2277 in
430 2208 548 2292 Gallia,
570 2215 691 2296 Fonteii
712 2215 870 2299 Capitonis
903 2217 937 2278 in
957 2219 1034 2278 Ger-

118 2331 244 2410 neania,
272 2328 373 2395 Clodii
393 2330 494 2392 Macri
522 2331 556 2393 in
578 2327 709 2414 Africa,
738 2329 879 2413 Cingonii
907 2332 941 2393 in
961 2329 1036 2406 oia,
1070 2396 1073 2401 Δ

120 2442 298 2529 Turpiliani
321 2446 355 2509 in
377 2442 474 2524 Urbe,
495 2443 685 2532 Nymphidii
715 2446 749 2511 in
777 2446 920 2509 eastris?
956 2446 1036 2529 ,Qua

120 2581 254 2644 nequent
273 2562 465 2646 provincie,
491 2582 558 2644 quae
580 2577 800 2642 castratum,
826 2561 885 2626 nisi
905 2562 1036 2628 cruenta

121 2672 168 2748 is·
189 2673 363 2738 maculata?
385 2691 458 2755 aut,
480 2691 515 2742 ut
535 2681 601 2762 ipse
620 2677 790 2762 praelicat,
812 2678 971 2744 emendata
990 2673 1036 2748 (θ’

124 2786 292 2856 corcella?
314 2791 403 2866 Naue
426 2811 493 2874 que
517 2791 573 2856 alii
594 2792 728 2873 seelera,
755 2791 806 2859 bie
826 2793 960 2858 remedia
979 2809 1036 2855 oo-

124 2921 195 2972 eat:
218 2905 290 2969 dum
305 2903 397 2990 fielsis
420 2904 619 2987 nominibus,
644 2911 841 2974 seueritatem
863 2922 922 2993 pro
943 2905 1037 2973 seui·

125 3023 195 3100 tia,
214 3023 442 3104 parsimoniam
461 3037 521 3106 pro
542 3025 706 3104 auaritia,
723 3024 882 3113 supplicia
902 3022 946 3098 ly
965 3040 1038 3089 con·

126 3133 272 3200 tumelias
294 3153 437 3216 vestras,
457 3137 651 3224 disciplinam
672 3139 838 3225 appellat.
874 3147 995 3225 septem
1016 3155 1039 3200 o

128 3249 267 3316 Neronis
281 3245 346 3331 fine
368 3273 487 3316 menses
506 3272 599 3334 sunt,
621 3252 665 3329 in
677 3256 746 3337 jans
762 3255 833 3341 ples
846 3257 954 3343 rapuit
976 3257 1041 3316 Ise-

127 3361 198 3441 lus,
218 3387 308 3451 quant
330 3368 410 3452 qnod
429 3367 593 3450 Polycleti,
614 3368 658 3444 ist
672 3374 808 3450 Vatinii,
831 3368 873 3444 ly·
885 3369 976 3448 Helii,
997 3363 1044 3440 let

130 3476 238 3544 Haloti
263 3497 458 3567 parauerunt
481 3525 491 3546 .
528 3487 651 3552 Minore
687 3483 826 3550 auaritia
861 3503 898 3550 ae
923 3482 1045 3550 licentia

683 3594 718 3662 C
742 3617 757 3672 3

581 3768 596 3800 l
