2492 3942
255 347 318 404 15⁴
456 307 804 386 HISTORIARUM
824 315 909 384 ΠΒ.
930 313 974 383 IL

250 473 376 542 sianum
397 491 433 538 oc
455 485 576 561 patrem
599 467 739 532 nuntius:
759 464 867 532 cundia
887 465 1009 554 impetn
1036 464 1177 534 rnilitum

251 588 333 656 alia:
357 607 419 654 non
440 599 545 678 parata
565 582 714 652 concione
727 586 844 669 (ηρ),
865 603 927 649 non
942 580 1116 664 conjnruis
1129 585 1175 650 le·

250 704 405 798 gionibus.

307 811 449 886 Lxxx.
472 811 560 882 Dum
584 812 734 904 qoaeritnr
754 829 875 904 tempus
888 813 1053 904 locusque,
1074 817 1173 906 quod·

250 955 311 1025 que
333 935 365 1000 in
387 953 423 1000 re
443 929 499 998 nli
527 927 738 996 difficillimum
765 945 830 1010 est,
862 929 961 1020 prima
990 951 1071 1019 νοις
1103 933 1173 1000 dum

250 1052 453 1138 arimaspes,
474 1048 586 1128 timor,
608 1045 708 1128 ratio,
727 1065 813 1112 orsos
828 1046 1028 1112 obversantur
1034 1071 1046 1133 3
1067 1067 1173 1140 egres·

250 1186 316 1234 snnr
337 1164 477 1246 cubicula
500 1161 724 1253 Vespasianum
745 1161 833 1252 pauci
856 1160 990 1243 milites,
1011 1163 1107 1229 solito
1119 1167 1173 1235 ad·

251 1282 396 1352 sistentes
419 1279 548 1359 ordine,
573 1294 607 1344 ut
630 1277 768 1369 legatum
790 1284 884 1366 (rao)
905 1277 1088 1361 salutaturi,
1108 1288 1173 1346 Inr-

246 1413 418 1488 perrtorem
440 1396 629 1460 salutavere.
651 1390 736 1460 Tum
750 1392 850 1460 ceteri
862 1413 1046 1476 accurrere,
1067 1403 1173 1463 caesa-

249 1531 315 1580 rem
340 1509 375 1578 ἀ
397 1513 588 1596 Angustum,
611 1506 647 1576 Cr
676 1510 778 1576 ornuia
806 1507 995 1599 principatus
1026 1512 1174 1578 vocabula

249 1625 428 1694 cannara:
451 1643 537 1688 rnens
558 1645 576 1690 a
597 1639 683 1690 metu
703 1626 743 1692 ad
758 1622 911 1692 sononarn
927 1625 1112 1693 transierat.
1135 1627 1174 1694 In

250 1742 315 1832 ipso
341 1737 416 1808 nihil
438 1737 608 1823 tumidum,
631 1761 797 1834 arrogans,
819 1758 874 1808 aut
903 1741 933 1806 in
949 1739 1049 1805 rebus
1080 1745 1175 1809 novis

249 1879 363 1924 novum
384 1851 443 1922 suit
451 1879 461 1942 3
489 1835 526 1920 'ut
555 1855 689 1946 primum
717 1873 815 1924 tantae
843 1855 1043 1924 multitudinis
1073 1863 1173 1948 (ιιι)

248 1969 384 2038 obfusam
406 1972 500 2038 oculis
521 1971 683 2064 caliginem
707 1973 846 2056 disiecit,
876 1972 1052 2040 militariter
1083 1974 1170 2040 locu-

248 2105 321 2172 tus,
343 2087 416 2155 laets
437 2088 559 2171 omnia,
578 2086 614 2156 dc
637 2087 804 2156 adfluentia
824 2089 963 2179 excepit:
984 2092 1108 2179 iamque
1139 2090 1168 2156 id

248 2205 348 2296 ipsum
371 2205 534 2297 opperiens
550 2203 734 2288 Mucianus,
756 2207 890 2273 alacrem
903 2206 1035 2271 militem
1051 2205 1082 2271 in
1099 2228 1169 2271 ver·

247 2323 285 2390 ba
300 2322 482 2413 Vespasiani
495 2319 617 2413 adegit.
642 2319 727 2388 Turn
742 2316 997 2388 Antiochensium
1011 2320 1168 2388 theatrum

248 2438 418 2529 ingressus,
442 2436 490 2500 nbi
510 2435 573 2500 illis
594 2438 767 2504 consultare
788 2459 854 2504 snos
883 2453 950 2519 est,
980 2459 1168 2504 concurren-

248 2569 315 2631 tes,
337 2549 371 2619 dt
393 2551 424 2616 in
446 2548 652 2616 adulationem
673 2551 993 2642 effusosadloquitur:
1010 2553 1088 2645 ¹satis
1109 2555 1168 2620 de-

246 2685 336 2733 corus
357 2663 450 2730 etiam
472 2661 586 2731 Graeco
610 2661 770 2753 facundia,
792 2670 1010 2758 omniumque,
1033 2691 1104 2760 qnae
1117 2671 1169 2737 di-

246 2795 352 2862 ceret,
374 2795 468 2868 atque
488 2797 617 2870 ageret,
637 2799 706 2852 arte
726 2785 858 2874 quadarn
886 2801 1078 2852 ostentator.
1108 2784 1169 2854 Ni·

246 2896 290 2966 hil
312 2915 399 2986 aeque
422 2895 606 2986 provinciana
628 2901 861 2992 exercitumque
882 2902 1047 2984 accendit,
1076 2917 1168 2990 qnam

245 3012 326 3104 quod
348 3011 544 3081 adseverabat
559 3013 744 3100 Mucianus,
764 3022 912 3085 statuisse
926 3018 1102 3101 maeldum,
1131 3033 1168 3083 ut

244 3131 447 3198 Germanicas
468 3131 598 3218 legiones
618 3136 651 3200 in
671 3137 817 3218 syriam,
847 3135 891 3202 ini
917 3133 1061 3202 militiam
1090 3150 1169 3224 opu·

244 3245 358 3312 lentam
381 3249 593 3333 quietamque,
615 3248 952 3341 transfluere-contra
966 3253 1109 3334 syriacis
1126 3251 1167 3317 Ie·

245 3359 388 3450 giraldus
410 3367 593 3430 Germanica
615 3361 760 3449 hiberna,
783 3367 860 3436 taelo
881 3387 917 3432 ac
932 3365 1095 3434 laboribus
1109 3368 1166 3434 du·

245 3498 307 3558 ra,
329 3493 537 3546 mutaremur.
559 3475 685 3571 Quippe
708 3481 743 3550 dt
765 3481 969 3574 provinciales
989 3498 1078 3549 sueto
1106 3480 1165 3548 nri-
