2492 3942
189 211 914 318 All.U.C.DCCCXXII.AER.CHR.⁶9.¹
962 247 1022 303 157

100 388 140 438 ac
167 362 244 432 nihil
267 363 398 432 arduum
417 361 505 430 satis.
529 359 583 430 Ad
606 367 1024 458 omnesexercitnslegauos·

100 501 165 570 que
191 479 316 568 scriptae
337 478 498 568 epistola,
515 485 790 570 'praeceptnmqne,
810 499 845 548 ut
857 485 1025 569 pretoria·

101 617 182 674 nos,
211 594 334 662 Vitellio
354 595 507 684 infensos,
530 598 736 684 recuperanda
756 598 875 664 militie
894 599 1025 683 premio

104 714 301 777 invitarent.
663 715 667 721 '

100 867 104 873 ·
163 818 357 892 LXXXIII.
379 823 551 893 Mucianus
572 849 644 898 cum
664 828 810 916 expedita
831 850 944 909 manu,
976 849 1026 893 so-

99 939 187 1008 cium
210 940 306 1032 magis
327 940 470 1032 imperii,
492 963 584 1032 quam
615 943 791 1011 ministrum
819 966 933 1036 agens,
962 945 1025 1008 no'n

99 1057 193 1125 lento
211 1055 347 1137 itinere,
370 1077 412 1122 ne
430 1056 567 1124 cunilari
591 1059 769 1140 rideretur,
791 1081 890 1149 neque
921 1063 1025 1125 tamen

96 1193 286 1264 properans,
309 1172 440 1264 gliscere
461 1171 573 1240 famam
595 1173 662 1263 ipso
682 1174 783 1262 spatio
796 1175 926 1240 sinebat:
948 1197 1026 1266 gna·

99 1311 154 1380 nus
177 1288 309 1354 modicas
331 1287 411 1354 vires
432 1288 508 1372 sibi,
533 1287 568 1357 dt
591 1291 707 1368 majora
728 1290 814 1357 credi
835 1290 876 1354 de
895 1289 1028 1355 absenti,

99 1405 172 1469 bus.
194 1404 255 1471 Sed
271 1404 353 1496 legio
367 1422 473 1487 senta,
496 1401 530 1472 dt
546 1406 696 1473 tredecim
714 1405 941 1472 vexillariorum
956 1403 1026 1468 rnil-

99 1518 164 1600 lia,
185 1519 306 1612 ingenti
328 1521 449 1612 agmine
478 1523 698 1610 sequebantur.
726 1520 867 1591 Classem
893 1541 913 1585 e
941 1516 1025 1586 Pon·
1121 1596 1125 1602 ἐ

98 1651 136 1700 to
161 1635 260 1722 (126)
275 1635 460 1716 Byzantium
480 1637 563 1729 adigi
593 1641 737 1719 jusserat:
764 1638 922 1728 ambiguus
949 1659 1024 1702 con-

96 1749 180 1833 silii,
205 1773 300 1832 num,
322 1752 428 1818 omissa
452 1751 587 1833 Moesia,
610 1751 820 1831 Dyrrachium
840 1751 946 1841 pedite
974 1764 1035 1815 at-‘

95 1887 162 1955 que
184 1865 423 1954 equite(127),
445 1865 531 1931 simul
560 1865 660 1956 longis
690 1867 814 1931 navibus
841 1885 962 1931 versum
992 1864 1024 1929 in

100 1979 232 2047 Italiam
256 1999 340 2043 mare
366 1978 543 2061 clauderet,
565 1997 635 2046 tuta
656 2002 736 2067 pone
758 1997 881 2070 tergum
905 1976 1025 2058 Achaia

100 2095 261 2182 Asiaque:
284 2113 356 2181 quas
377 2092 510 2158 inermes
531 2093 645 2183 exponi
675 2093 828 2174 Vitellio,
856 2095 888 2158 ni
915 2093 1024 2183 praesi·

99 2211 160 2278 diis
183 2207 396 2275 firmarentur:
418 2223 512 2297 atque
533 2192 633 2298 ipsum
654 2206 820 2275 Vitellium
841 2207 873 2271 in
904 2209 1027 2274 incerto

99 2325 193 2408 fore,
213 2346 304 2416 quam
326 2339 449 2414 partem
471 2318 573 2390 Italiae
593 2338 796 2413 protegeret,
817 2322 843 2385 si
856 2321 911 2387 sihi
924 2321 1025 2389 Brun-

101 2441 213 2508 disium
235 2439 489 2529 Tarentumque,
510 2438 545 2506 dt
566 2437 715 2506 Lucaniae
742 2437 956 2529 Calabriaeque
985 2435 1024 2504 li·

102 2573 171 2624 tora
194 2553 309 2623 infestis
330 2557 470 2624 classibus
491 2571 693 2646 peterentur.

162 2669 358 2742 LXXXIV.
386 2671 488 2764 Igitur
518 2661 660 2755 navium,
689 2668 841 2755 militum,
867 2693 1022 2740 armorum

105 2801 219 2878 paratu
244 2803 382 2878 strepere
404 2788 586 2876 provinciae.
608 2787 669 2855 Sed
693 2786 771 2854 nihil
793 2811 882 2880 aeqne
909 2786 1023 2881 fatiga«

102 2903 174 2985 hat,
197 2923 290 2992 quam
312 2903 508 2992 pecuniarum
530 2904 727 2993 conquisitio:
750 2925 801 2972 eos
817 2927 881 2971 esse
893 2902 963 2971 belli
978 2907 1023 2971 cia

102 3017 180 3085 nilis
200 3041 314 3086 neruos
335 3017 473 3088 didlitans
493 3017 678 3102 Mucianus,
700 3043 762 3086 non
782 3023 830 3101 jus
849 3036 902 3086 aut
915 3041 1024 3086 verum
1106 3087 1114 3101 ‚

99 3129 137 3198 in
151 3133 394 3226 cognitionibus,
416 3134 467 3202 sed
482 3135 575 3202 solam
590 3135 834 3226 magnitudinem
845 3157 939 3225 opum
952 3155 1024 3224 spe·

107 3243 218 3316 tiabat:
241 3251 349 3340 passim
372 3251 558 3338 delationes,
579 3250 614 3318 dt
630 3249 883 3340 locupletissimus
896 3248 1024 3338 quisque

109 3358 140 3425 in
163 3365 294 3453 predam
315 3367 477 3459 correpti-z¹
489 3385 566 3458 quae
586 3367 692 3459 grania
707 3382 801 3456 atque
809 3363 1023 3446 intoleranda,
