2492 3942
206 237 266 304 eoi
470 221 525 293 IN
554 219 780 292 LIBRUM
809 220 870 291 ill.
915 222 919 231 '
961 221 967 230 ’

239 365 269 418 iis
285 365 393 432 spatium
410 359 558 418 deliberandi
568 382 583 446 εΙ
593 379 667 418 acret
683 364 901 430 uehementes,
917 363 940 418 si
958 357 1134 436 festinataop-

203 437 397 582 ‘'prppnatione
414 437 445 490 ad
462 435 661 502 desperationem
677 438 850 506 adigerentur.

311 508 435 564 Premiis
452 503 612 580 defriiortcm
630 525 695 562 veta
702 507 801 582 fidet.
828 509 934 562 Fiducia
951 509 1052 573 firma,
1077 530 1136 578 quae

240 579 341 648 premia
358 581 490 634 defeums
507 579 676 646 accepissent,
692 581 761 648 apud
776 597 821 633 eos
838 597 983 644 mansura,
1002 585 1136 637 valescen-
1219 638 1220 643 ,

236 652 303 706 tibus
320 653 415 724 quippe
424 649 568 720 Vespasiani
587 653 717 720 partibus.
735 653 841 708 codices
858 671 919 706 mss·
937 655 1035 708 habent
1052 655 1136 710 verba

229 723 316 800 fidet:
336 727 400 778 unde
419 729 527 778 Ernesto
545 723 616 776 venit
635 721 661 777 in
681 740 793 779 mentem
811 737 883 780 serta
893 724 984 798 fides,
1012 740 1044 778 ut
1060 730 1134 796 apud

239 797 393 860 Horatium,
409 791 443 857 Θ
460 793 546 868 segetis
561 808 635 850 certa
646 793 717 870 fider
732 813 812 851 mea.
1088 798 1096 812 ⁰

201 867 284 944 (ros)
302 875 421 926 immane
455 879 583 922 uantum.
602 869 747 922 Graecorum
765 887 847 933 more,
864 883 911 936 pro
919 885 1022 924 summo
1035 889 1132 939 opere,

238 943 327 996 mirum
346 945 371 994 in
391 961 415 994 rn
450 957 506 994 unr-
525 939 563 992 Sic
583 941 718 1003 Horatius,
741 942 806 996 vino
829 938 864 1002 Θ
885 941 1004 997 lucernis
1030 943 1131 1000 Medus

236 1015 354 1070 acinaces
371 1019 383 1070 1
387 1031 492 1069 menam
509 1024 639 1084 quaerum
655 1011 794 1088 discrepat.

200 1085 283 1158 (ιιο)
302 1088 446 1158 Fontejum
463 1089 618 1160 Capitonem
635 1122 643 1138 .
665 1123 673 1137 .
692 1121 699 1138 .
716 1081 868 1158 interfecit·
888 1086 947 1140 vid.
964 1090 1034 1140 Hist-
1054 1109 1083 1152 1,
1098 1108 1129 1148 7·

197 1161 280 1234 (ru)
297 1157 332 1214 td
346 1177 444 1232 quoque
461 1175 512 1214 non
529 1157 586 1212 tine
602 1151 735 1214 dedecore.
753 1155 847 1226 Suppie
860 1155 966 1233 fecere,
989 1163 1058 1229 quod
1076 1162 1129 1216 sci-

237 1231 294 1286 licet
311 1232 358 1286 sub
375 1232 454 1302 signis
472 1229 620 1298 vexillisque
639 1245 790 1295 processere.

202 1301 286 1378 (tra)
306 1307 345 1358 Ut
362 1301 401 1358 ad
412 1301 532 1376 prolium
550 1333 560 1364 ,
578 1302 697 1356 intentur
714 1314 898 1372 armatusque·
925 1307 967 1358 Ita
991 1306 1074 1370 scripti
1100 1313 1128 1360 uc

234 1377 293 1428 editi
312 1391 422 1438 veteres,
440 1389 527 1444 prater
545 1373 612 1429 Fiet.
636 1382 660 1426 or
686 1373 823 1428 buciensem
847 1377 891 1444 qui
914 1377 1028 1430 scribunt
1048 1395 1128 1433 otna-

235 1460 346 1520 tusqw.
364 1447 392 1498 ld
409 1447 500 1514 recepit
518 1446 641 1500 Picbena:
659 1448 703 1500 sed
717 1458 842 1502 ornarem
857 1448 905 1500 dici
923 1450 1074 1517 simplicitet
1097 1453 1128 1506 de
1166 1478 1169 1494 .

232 1537 280 1586 eo,
297 1519 341 1584 qui
358 1517 432 1572 armis
452 1519 584 1572 insttublus
597 1520 654 1588 pit,
671 1532 747 1589 negat
764 1523 897 1573 Etnestus.

194 1589 278 1663 (ιη)
296 1595 399 1644 secreta
414 1590 581 1664 Campania.
608 1591 739 1659 Regiones
755 1591 837 1658 paullo
858 1595 1018 1662 remotiores,
1042 1603 1070 1648 or
1087 1609 1127 1648 so

232 1679 318 1718 cessus
337 1662 476 1718 maritimos
494 1663 659 1731 Campania.

198 1731 278 1808 (ιη)
297 1732 414 1812 Vigilmn
436 1731 559 1792 cobortes·
584 1738 649 1801 Qu·
667 1753 724 1788 cum
749 1735 874 1789 hamis&
890 1737 1064 1807 aquavigilias
1080 1757 1126 1791 cu-

231 1809 318 1864 rabant
337 1809 447 1862 vicibus·
466 1813 513 1862 iia·
533 1807 650 1862 videntur
667 1807 747 1861 fuisse
764 1809 874 1862 miiitum
900 1810 981 1862 intimi
1006 1812 1124 1880 generis,

231 1883 298 1934 unde
315 1880 428 1936 servitia
445 1881 560 1934 dicuntur
576 1879 728 1932 urbanorum
747 1879 871 1946 militum,
889 1883 979 1952 qulbus
986 1896 1079 1937 tamen
1086 1902 1122 1938 or-

231 1953 290 2006 dine
310 1954 460 2022 prestabant
479 1953 570 2006 milites
590 1953 746 2021 pretoriani.
945 1983 950 1992 -

196 2023 272 2100 (trs)
292 2021 432 2081 invalidus
456 2021 579 2080 sensile.
605 2024 677 2076 Addit
695 2024 773 2077 codex
792 2026 945 2092 Rycitianus
968 2047 1121 2100 sensuque:

231 2099 288 2152 inde
305 2099 368 2152 duas
385 2097 461 2150 ferme
481 2099 584 2168 paginas
603 2096 759 2164 transponit,
776 2115 833 2163 que
845 2102 1011 2169 transpositio
1028 2105 1122 2169 paritet

231 2171 258 2224 in
276 2169 341 2224 Flor.
358 2179 381 2224 ἁ
402 2165 484 2240 Regio
501 2171 592 2223 haret.

194 2241 273 2316 (tro)
292 2247 338 2298 Ne
355 2239 438 2298 uilius
456 2241 558 2314 quidem
575 2239 690 2296 laturos.
716 2243 773 2327 (lui⁴
786 2245 946 2298 miseratione
968 2246 1031 2298 oiim
1049 2248 1119 2313 prin·
1219 2242 1220 2255 ¹

228 2315 290 2382 cipis
309 2347 319 2378 ,
343 2317 374 2368 td
393 2315 512 2368 ultionem
532 2323 555 2368 tc
572 2329 609 2366 res
626 2331 708 2369 novas
722 2331 900 2384 accingentur.
1129 2359 1133 2362 .

193 2385 275 2460 (ιη)
295 2391 367 2442 Cum
384 2385 512 2443 Vitellius
528 2385 625 2460 collega
643 2387 757 2442 Claudio
766 2388 850 2455 foret.
868 2390 1000 2443 Vitellium
1019 2404 1119 2458 partem

230 2459 354 2530 intellige·
392 2467 454 2514 Hac
473 2461 546 2514 verba
565 2459 651 2526 Lipsio
676 2461 794 2528 vigientut
818 2462 954 2530 glossulam
978 2480 1067 2532 sapere
1085 2466 1118 2519 ad

236 2549 266 2586 ea
285 2551 340 2602 que
360 2546 515 2602 sequuntur.
542 2531 624 2606 „Quin
642 2544 673 2585 ut
690 2549 826 2586 censuram
842 2531 942 2604 patris.

192 2601 271 2676 (118)
290 2604 390 2658 Insedit
406 2604 508 2672 milite,
525 2599 559 2666 Θ
576 2599 731 2678 quibusdam
744 2601 801 2663 &u
819 2605 836 2655 i
854 2622 878 2659 e.
895 2611 1031 2675 occupavit
1054 2622 1117 2662 cum

228 2676 355 2744 presidio.
375 2680 414 2730 ita
432 2696 490 2728 cum
501 2681 607 2732 Ernesto
625 2678 739 2731 dedimus
755 2677 911 2746 provulgato
926 2677 1118 2736 inseditmiaeto

226 2745 314 2802 milite
330 2765 363 2800 ex
380 2745 552 2818 quibusdam.
572 2755 629 2803 Vox
645 2749 727 2804 mixto
744 2748 816 2802 abest
840 2767 855 2802 n
880 2750 1010 2819 Budensi,·
1026 2751 1116 2806 Guelf-

226 2828 250 2874 oe
267 2821 324 2872 edd·
342 2819 455 2872 Beroaldi
473 2831 496 2874 or
516 2821 650 2875 Rhenani·
668 2825 743 2893 Hanc
759 2821 869 2873 restituit
886 2823 997 2876 Plchena
1017 2843 1030 2876 e
1050 2827 1116 2878 Fior.

225 2889 382 2948 &militem
399 2891 515 2947 mixtum
533 2907 605 2962 putat
621 2910 675 2946 esse
691 2894 824 2946 confessum
841 2911 901 2946 cum
921 2896 992 2962 plebe
1009 2897 1114 2960 urbana,

226 2965 343 3030 feminis,
361 2966 453 3021 servis.
480 2969 513 3018 At
537 2985 596 3018 curn
623 2966 691 3033 plebs
717 2975 740 3018 ur
765 2966 829 3019 servi
846 2981 900 3019 non
925 2968 980 3020 sint
998 2969 1113 3034 milites,

223 3037 314 3093 horum
333 3058 409 3094 causa
425 3039 527 3092 mixtus
544 3036 620 3092 miles
637 3039 686 3090 dici
704 3054 755 3090 uon
773 3049 869 3103 potest.

188 3103 265 3183 (¹¹9)
281 3111 417 3168 Vemlana
434 3107 572 3166 Gracilis.
591 3111 630 3164 Sic
648 3113 726 3179 vulgo
742 3109 838 3162 editur.
856 3109 906 3162 Alii
922 3110 1012 3181 legunt
1028 3121 1113 3169 reru-

222 3183 288 3239 lana
306 3182 442 3240 Gratilla·
462 3189 502 3238 ita
519 3182 600 3236 Plinio
617 3196 720 3235 vocatur
738 3182 820 3250 Epist·
840 3199 867 3246 ς,
892 3201 933 3244 113
958 3193 982 3237 oc
1002 3184 1069 3238 Flot·
1087 3195 1111 3240 te

224 3257 379 3320 Rycltianus
398 3255 509 3311 scribunt
528 3253 667 3310 Gratilr‘a·
737 3257 742 3264 '

185 3323 264 3396 (120)
283 3335 371 3399 quue
475 3345 533 3382 suos
550 3323 641 3382 liberos
658 3321 797 3380 Sabinus.
815 3359 824 3375 ·
843 3364 852 3379 .
870 3361 879 3377 .
897 3326 928 3380 in
945 3328 1110 3402 Capitolium

177 3383 198 3430 κ’
220 3397 337 3466 accivit,
352 3401 430 3454 misso
446 3393 501 3458 &n
516 3399 613 3467 Vulgo,
629 3411 661 3451 at
678 3395 907 3458 Sabidienmisro
920 3393 980 3460 &a
1005 3403 1052 3454 Sed
1070 3403 1108 3459 he
