2492 3942
224 282 286 347 sot
425 258 777 335 HISTORIARUM
797 261 883 331 Lm
906 262 972 335 IV.

217 414 422 487 eendebotur.
448 412 493 483 Et
514 412 653 481 adventu
672 412 892 504 quintanorum
906 414 1150 504 quintadecima-

217 552 390 622 norumque
423 529 520 597 anuo
542 528 710 621 legiones,
744 532 928 599 donativum
949 551 1154 622 exposcunt,

212 665 381 739 comperto
411 646 574 737 pecuniam
602 646 781 716 aVitellio
810 648 955 737 missam.
1003 646 1080 715 Nec
1101 650 1156 715 din

213 763 374 837 nundletus
402 760 633 845 Hordeonius,
672 761 798 829 nomine
821 762 1005 852 Vespasiani
1038 765 1154 831 dedit.

215 876 316 970 quue
339 880 527 969 precipuum
549 873 608 943 luit
631 878 791 945 seditionis
811 878 1017 945 alimentum.
1051 879 1156 949 Effusi

215 997 249 1063 io
272 997 377 1063 luxum
399 994 434 1063 dt
456 994 581 1086 epulas,
609 992 646 1061 dt
668 992 831 1061 nollurnos
852 1010 975 1077 coetns,
1005 1014 1156 1065 veterem

213 1112 249 1179 in
259 1110 478 1181 Hordeonium
500 1110 577 1178 uum
600 1126 773 1190 renouant,
796 1132 855 1175 nec
869 1110 936 1175 ullo
948 1110 1155 1203 legatorum,

212 1228 447 1295 tribunorumue
469 1226 615 1295 obsistere
638 1246 711 1293 auso
738 1232 753 1314 (
764 1226 879 1316 quippe
899 1248 1020 1292 omnern
1041 1229 1156 1317 pudo-

214 1366 284 1413 rem
308 1366 367 1411 nox
382 1343 563 1425 ademerat)
584 1340 775 1432 protrallnsn
796 1341 923 1408 ecnbili
935 1342 1153 1411 interficiunt.

213 1458 335 1540 Eadem
358 1458 389 1521 in
414 1457 569 1525 Voculam
591 1458 798 1545 parabantur,
820 1459 879 1523 nisi
899 1459 1002 1525 servili
1020 1458 1153 1543 habitu,

214 1594 271 1663 per
295 1570 455 1652 tenebras,
478 1573 638 1665 ignoratus
658 1574 820 1641 euasisset.
849 1570 933 1655 Ubi,
959 1576 1068 1640 sedato
1081 1578 1153 1642 im-

102 1748 105 1755 .
213 1704 318 1781 petu,
354 1704 455 1756 metus
476 1687 596 1771 rediit,
632 1690 832 1755 centuriones
852 1712 924 1757 cunr
941 1690 1079 1780 epistolis
1101 1695 1148 1759 ad

213 1805 354 1882 civitates
367 1803 542 1873 Galliarum
564 1804 696 1886 misere,
717 1806 830 1873 auxilia
852 1828 889 1873 ac
903 1807 1048 1896 stipendia
1065 1832 1150 1876 ora-

212 1937 300 1987 turos
313 1966 323 1989 .

283 2161 504 2245 mantheum
521 2158 706 2229 usessam.
734 2162 872 2225 Treueri
894 2179 973 2225 nunc
987 2156 1071 2241 fidi,

558 2296 631 2343 mox
652 2272 792 2343 triades.

267 2492 450 2578 XXXVII.
474 2508 556 2599 lpsi,
579 2524 615 2575 ut
629 2520 679 2573 est
701 2507 811 2599 vulgus
831 2507 899 2573 sine
919 2505 1040 2580 reilore
1055 2528 1145 2597 prae·

211 2642 302 2710 ceps,
324 2622 490 2711 pavidum,
511 2645 633 2706 socors,
662 2623 852 2691 adventante
874 2619 1009 2704 Civile,
1039 2625 1146 2713 raptis

212 2755 331 2805 temere
357 2739 471 2821 armis,
490 2762 526 2807 ac
548 2740 656 2808 statim
676 2740 809 2820 ominis,
830 2739 863 2805 in
876 2735 982 2831 lugam
1006 2759 1145 2807 vertun-

211 2870 285 2919 tur.
318 2851 383 2920 Res
403 2852 540 2922 adversae
561 2857 743 2924 discordiam
764 2875 935 2945 peperere3
957 2854 1018 2937 iis,
1038 2856 1100 2944 qui
1122 2880 1145 2922 e

164 3018 168 3023 -
210 2969 366 3062 superiore
389 2972 526 3039 exercitu
548 2990 656 3055 erant,
692 2991 811 3040 cauum
832 2993 918 3037 snam
944 2969 1143 3039 dissocianti·

209 3086 263 3157 bus
285 3098 318 3175 (⁶
324 3096 383 3175 5).
430 3086 559 3157 Vitellii
583 3108 688 3157 tamen
710 3088 859 3179 ingines
879 3088 912 3153 in
933 3087 1042 3154 castris
1061 3137 1073 3170 ,
1102 3086 1142 3156 δι’

208 3226 266 3297 per
288 3206 441 3295 proximas
463 3202 631 3298 Belgarum
652 3206 823 3286 civitates,
859 3202 1037 3292 repositae,
1065 3224 1141 3270 curn

207 3326 269 3403 jam
285 3322 437 3393 Vitellius
459 3320 639 3389 occidisset.
677 3318 763 3387 Dein
784 3319 899 3385 mutati
920 3320 954 3384 in
975 3320 1140 3407 paeniten-

110 3446 112 3451 ’
208 3436 284 3503 tiam
313 3438 474 3527 primani,
510 3434 741 3525 quartanique,
762 3433 813 3501 dt
833 3434 1137 3516 duoetritesimani,
