2492 3942
234 247 650 323 Hrsrournnum
679 253 860 351 norm.
947 279 1008 337 ας

117 395 151 447 de
169 393 311 448 Rhenanus
329 391 413 446 effecit
431 389 578 448 Plautius.
605 400 699 449 Verum
717 411 811 448 nomen
830 393 939 446 restituit
955 401 1011 467 Jac.

118 467 281 522 Gronovius·
347 491 350 498 ¹

78 539 150 617 (93)
168 545 261 593 Seram
278 538 385 593 veniam
398 550 455 612 pert
472 535 554 592 scelus
572 535 720 610 querebat·
745 545 843 605 Nempe
860 535 1011 602 Dolabelle,

116 629 194 682 quem
213 610 327 664 scelerate
344 623 520 664 accusaverat·
546 615 613 664 Cum
638 611 713 664 nulle
731 623 857 665 tantorum
875 610 1010 662 criminum

118 685 279 754 probationes
296 697 395 746 essent,
414 683 541 736 Plancium
559 699 680 752 suscepta
699 686 726 737 in
744 684 854 738 amicum
872 682 1011 736 accusatio·
1062 704 1067 715 ¹

119 757 162 810 nis
181 749 330 823 paenitebat,
347 754 499 824 favebntque
517 757 540 808 ei
558 757 626 819 apud
645 757 782 809 Sabinum·
1061 766 1064 770 '

81 828 150 908 (94)
169 827 282 882 Terruit
301 847 334 883 ne
350 825 512 902 periculo...
530 823 688 902 adsisteret,
705 830 723 881 i.
742 847 765 880 e.
782 841 895 880 terrorem
914 827 1011 888 injecit,

118 917 210 954 terrore
227 901 377 962 absterruit,
396 918 427 952 ne
446 909 493 954 dcc.
512 901 656 956 Leblionem
677 902 753 971 Regii
778 901 867 953 codicis
888 900 1011 967 expressi-

118 991 197 1033 mus,
214 989 289 1038 quam
307 974 392 1026 firmat
410 971 474 1026 Flor·
493 973 520 1024 in
537 991 589 1042 quo
606 974 735 1041 scribitur,
753 974 843 1026 tenuit
867 989 901 1026 ne
920 1009 928 1024 .
947 1005 955 1019 ·
974 1008 983 1025 .
1002 1006 1009 1021 .

115 1041 277 1122 affiblaret·
296 1045 379 1114 Vulgo
398 1044 496 1099 terruit
513 1064 528 1098 e
544 1045 612 1118 perir
631 1043 717 1099 le·.··
735 1043 876 1119 affedlare.
898 1059 901 1065 ’

79 1117 148 1192 (95)
167 1123 307 1172 Devenere
324 1117 529 1172 Interamnium.
550 1123 590 1171 Ita
609 1118 722 1171 scribitur
740 1120 766 1170 in
785 1120 850 1187 Flor·
868 1125 893 1168 br
911 1117 1010 1185 Regio,

117 1201 144 1245 dr
164 1191 198 1244 sic
216 1190 291 1243 edidit
309 1199 363 1261 Jac.
383 1191 542 1244 Gronovius.
569 1191 652 1258 Vulgo
666 1189 795 1246 divertere
814 1195 1009 1244 Interamnam.

80 1261 150 1336 (96)
169 1269 236 1317 Non
261 1263 386 1318 immixta
410 1259 549 1326 tristibus.
581 1265 638 1313 Non
664 1264 783 1330 particeps
808 1263 882 1314 ullius
905 1261 1009 1316 crudelis

116 1349 165 1390 aut
183 1335 261 1388 acerbi
286 1334 397 1388 consilii.
424 1335 461 1387 Sic
486 1335 544 1388 alibi
561 1336 626 1388 dixit
642 1335 749 1390 Tacitus
769 1335 911 1411 permixtus
927 1333 1009 1386 cenri-

116 1406 182 1464 lr'r'r.
201 1409 336 1476 Sequimur
353 1425 413 1459 curn
433 1410 540 1461 Ernesto
557 1410 725 1470 conjeliuranr
740 1408 864 1461 Gronovii
876 1406 976 1458 dudam
994 1421 1009 1460 e

51 1545 56 1552 Ι
116 1483 183 1534 Flor·
201 1481 327 1550 &Regios
346 1479 372 1531 in
391 1480 482 1548 quibus
500 1479 627 1548 scribitur,
645 1500 697 1534 nen
709 1480 802 1533 immite
815 1475 951 1535 tristibus·
969 1479 1009 1530 Pi-

117 1553 200 1606 chene
218 1569 231 1604 e
248 1552 391 1614 coniestura
408 1551 504 1606 dederat
522 1571 573 1608 non
591 1552 707 1607 immitis
725 1552 863 1608 tristibus.

80 1623 149 1700 (97)
168 1623 344 1698 ingaudium
361 1622 465 1679 eviela·
486 1631 527 1679 Ita
545 1627 608 1678 Flor.
628 1628 726 1694 Regius
743 1625 895 1680 &Gueltte
909 1623 943 1674 sic
957 1623 1009 1675 edi·

117 1700 160 1750 'dit
179 1699 337 1757 Rhenanus,
354 1695 422 1763 quod
439 1713 525 1749 omnes
543 1699 623 1750 secuti
639 1712 716 1758 sunt,
735 1711 821 1762 praeter
833 1696 1008 1764 Pichenamde

120 1771 271 1836 Ryclrium,
289 1769 333 1834 qui
351 1767 470 1820 dederunt
487 1767 591 1820 evelle·
610 1768 657 1819 Sed
674 1770 738 1819 recte
755 1768 869 1820 observat
887 1769 1009 1818 Ernestus

119 1841 170 1894 diei
188 1841 286 1904 quidem
306 1854 374 1906 posse
391 1835 479 1902 evehi,
496 1841 549 1892 sive
567 1839 649 1904 potius
663 1837 754 1911 φῦναί
766 1839 880 1910 gaudie,
898 1853 950 1889 non
966 1855 1009 1888 ve-

119 1931 148 1966 ro
166 1907 241 1966 evehi
259 1911 289 1963 in
301 1906 449 1982 gaudium:
466 1923 492 1962 at
508 1908 599 1964 evinci
615 1910 646 1964 in
659 1909 790 1983 gaudium
806 1923 860 1973 est,
885 1911 925 1964 vel
944 1908 1008 1964 invi·
1094 1942 1098 1952 ·

118 1998 175 2036 tum
195 1981 249 2050 cogi
267 1982 298 2034 ad
317 1982 472 2034 laetandum.

79 2055 143 2130 (98)
162 2048 374 2126 Diplematibue.
394 2052 456 2105 Vide
472 2069 544 2120 supra
566 2069 606 2114 54.

80 2127 151 2205 (99)
171 2129 280 2182 Partes.
298 2124 415 2179 advene
432 2129 508 2196 partis
524 2127 652 2200 legiones,
673 2146 730 2195 quar
748 2143 792 2196 pro
810 2126 914 2182 Othone
931 2140 1008 2181 stete-

117 2216 192 2254 ranr.

79 2271 162 2347 (ιοο)
180 2270 251 2326 Nisi
265 2289 389 2326 euenerat
406 2287 529 2325 cesorum
545 2270 682 2326 invidiam
697 2269 761 2328 belle
783 2271 919 2326 auxisset.
944 2278 1007 2328 Hec

116 2361 157 2399 est
175 2345 246 2398 lertio
265 2344 402 2409 Rhenani‚
420 2344 482 2398 nixa
499 2343 564 2398 Flor.
584 2346 683 2414 Regio,
708 2346 836 2408 Budensi,
859 2347 902 2412 qui
919 2363 1007 2401 omnes

117 2418 212 2472 habent
228 2418 361 2475 aurirret.
380 2419 499 2482 Ryelrius
516 2433 572 2469 cum
592 2419 716 2472 veteribus
733 2418 805 2472 editis
821 2418 889 2470 dedit
906 2416 1008 2473 ludicro

116 2489 216 2544 initio:
240 2506 364 2545 numerus
380 2505 499 2544 cesorum
515 2487 652 2556 invidiam
668 2487 735 2545 bello
757 2490 850 2544 auxit·
875 2491 1008 2544 Seditionis

118 2563 185 2614 illius
202 2564 267 2627 apud
284 2563 387 2615 viliores
403 2563 471 2632 origo
486 2561 549 2615 levis
564 2563 612 2615 fuit
627 2572 650 2616 dr
665 2565 771 2624 ludicra,
789 2581 880 2631 nempe
894 2565 1007 2617 studium

117 2635 243 2688 ludendi:
261 2635 304 2686 sed
321 2651 352 2685 eo
367 2649 404 2685 res
423 2635 512 2696 rediit,
529 2650 557 2687 ut
574 2637 692 2703 explicari
710 2637 865 2701 nequiverit,
883 2637 931 2690 nisi
945 2638 1008 2690 dua-

117 2723 172 2759 rum
190 2707 332 2760 cohortium
350 2719 447 2777 strage:
467 2709 531 2760 unde
548 2707 621 2762 arrha
639 2709 693 2761 belli
711 2709 792 2762 civilis
811 2709 905 2762 invidia
923 2719 947 2764 ἀ
964 2712 1007 2763 de·

117 2793 235 2833 testatio.

82 2849 162 2925 (ror)
182 2848 362 2924 Tempestieir
375 2849 521 2906 conviviis.
537 2850 575 2904 Sic
591 2853 715 2909 vocabant
727 2855 864 2917 convivia,
877 2873 932 2921 quae
941 2857 1005 2907 mul·

107 2939 145 2992 ,ιο
163 2923 195 2976 de'
209 2923 248 2975 die
266 2931 289 2976 ee
307 2936 367 2975 ante
383 2937 528 2978 consuetam
545 2926 660 2977 conandi
679 2925 763 2981 horam
788 2928 954 2994 incipiebante
981 2925 1007 2978 icl

118 3009 203 3050 autem
222 3013 273 3048 non
291 2994 340 3047 nisi
357 2995 491 3050 luxuriosis
508 2996 654 3051 hominibus
672 3000 830 3052 schitarum.

84 3067 163 3143 (eor)
183 3065 346 3122 Pere‘iliir·
373 3066 486 3137 Intellige
513 3069 611 3137 vigilias
637 3079 662 3123 dr
686 3070 800 3123 solennia
825 3072 901 3123 nollu
920 3071 1005 3140 peragi

119 3141 192 3194 solita
211 3142 238 3192 in
252 3087 377 3194 bonorem
396 3139 503 3202 alicujus
522 3141 654 3203 torminis,
672 3143 796 3195 interdum
814 3142 841 3193 in
859 3143 943 3195 nobles
960 3145 1006 3194 ali-

118 3224 181 3279 quot
199 3213 336 3280 protrahe,
354 3211 463 3280 qualibet
481 3211 579 3266 licentia
598 3213 720 3268 infames·
746 3215 878 3278 Ejusmodi
896 3215 1006 3270 Baccha-

97 3309 100 3321 ·
119 3282 187 3336 nalia
206 3283 310 3338 fuerunt
327 3285 354 3336 in
374 3283 494 3340 honorem
514 3284 623 3338 Bacchi.

87 3353 169 3432 (103)
181 3360 341 3481 linterno...
359 3352 441 3412 belle.
461 3357 625 3425 Vespasiani.
644 3365 783 3432 faterere,
806 3358 879 3424 cujus
897 3360 1007 3419 concitur

119 3427 227 3484 clVthr
