2492 3942
225 291 285 348 152
424 195 770 332 HISTORIARUM
790 259 875 330 Lus
897 260 942 328 11.

219 415 350 495 bellum,
372 407 415 488 les
433 412 611 500 proeliorum
634 412 875 477 ineertatrade.
896 396 1155 478 aeremitae

218 529 382 617 disciplina
402 526 507 608 oilli,
543 545 637 611 quam
665 523 801 593 uiliores
827 542 947 613 agunt:
975 524 1031 594 bos
1058 532 1138 609 ira,
1175 597 1178 602 ,

217 647 341 727 odium,
364 642 488 711 alionis
511 642 662 728 cupiditas
680 640 725 706 ad
736 643 888 709 uirtutem
909 643 1065 736 accendit:
1086 643 1138 732 illi

213 777 272 850 per
287 759 453 846 fastidium
477 755 520 834 lm
540 759 759 824 contumaciam
779 755 960 826 hebescunt.
1003 743 1138 846 Aperict
1218 836 1219 843 ἵ

217 875 261 952 ly·
283 872 413 942 recludet
434 873 571 941 comella
592 869 635 948 lm
648 875 842 939 tumescentia
862 871 1036 940 vidricitnu
1053 889 1138 960 par-

216 995 295 1057 tium
317 990 444 1078 uulnera
473 987 579 1055 bellum
601 992 726 1074 ipsum.
771 989 842 1055 Nec
864 987 941 1056 milri
968 991 1071 1072 major
1102 993 1137 1054 in

216 1122 271 1172 tua
291 1105 473 1207 vigilantia,
492 1107 681 1192 parcimonia
702 1108 815 1190 (ιη),
836 1108 1001 1191 sapentia,
1016 1099 1136 1184 fiducia

215 1239 280 1303 cst,
303 1236 396 1308 quam
410 1225 441 1287 iu
457 1219 568 1287 Vitellii
582 1235 724 1305 torpore,
745 1222 888 1300 inscitia,
908 1223 1050 1288 sevitia.
1071 1220 1137 1287 sed

215 1335 258 1412 im
279 1337 432 1405 meliorem
456 1339 488 1400 in
510 1333 587 1402 bello
608 1317 750 1417 causam,
778 1356 870 1421 qum
893 1339 927 1401 in
944 1352 1019 1424 pate
1040 1333 1136 1404 habe·

216 1473 302 1517 mus:
325 1472 396 1517 uam
420 1454 473 1536 qui
487 1447 673 1532 deliberant,
694 1450 901 1518 desciuerunt.

216 1683 349 1749 Iucitom
373 1703 492 1769 quoque
511 1697 620 1748 vatum
641 1698 802 1770 respousa.
838 1681 991 1764 carmeli,
1012 1686 1134 1748 montis

441 1799 560 1886 deique,
580 1821 640 1866 ara
661 1796 704 1874 lu
726 1803 918 1868 reverentia.

239 2103 242 2112 ,
269 2019 461 2100 LXXVIII.
491 2028 566 2098 Post
588 2029 730 2098 Muciani
756 2033 927 2099 orationem
954 2029 1055 2098 ceteri
1073 2052 1131 2095 au-

213 2129 335 2212 dentius
355 2146 594 2230 circumsistere,
619 2164 769 2236 respousa
789 2166 918 2230 vatum,
941 2146 984 2224 lu·
996 2147 1129 2213 siderum

212 2279 313 2330 motus
335 2259 559 2332 reserre.·Nec
582 2280 652 2330 erat
673 2262 802 2329 intadlus
824 2263 880 2329 tali
893 2262 1129 2353 superstitione,

212 2375 322 2466 utqui
345 2384 435 2462 mox,
456 2399 559 2445 rerum
581 2377 739 2462 domiuus,
761 2379 924 2445 Seleucum
945 2378 1127 2468 quemdam,

212 2491 481 2574 mathematicum,
503 2491 652 2558 tellurem
672 2489 888 2584 &praescium
903 2493 1128 2584 palamhabue·

211 2605 278 2670 rit.
314 2603 525 2672 Recucsabant
553 2607 656 2674 auimo
677 2627 782 2676 vetera
804 2611 929 2676 omina:
965 2631 1127 2699 cupressus

210 2718 301 2786 arbor
322 2721 353 2786 ln
376 2721 457 2812 agris
481 2725 570 2805 eius,
596 2726 759 2814 conspicua
781 2727 963 2808 altitudine,
995 2740 1125 2814 repente

209 2833 385 2926 prociderat
392 2860 404 2922 3
431 2859 467 2902 ac
488 2857 609 2934 postera
632 2840 707 2924 die,
738 2843 848 2909 eodem
870 2829 1007 2934 uestigio
1023 2862 1125 2906 resur-

209 2971 302 3042 gens,
324 2952 505 3042 procera'&
527 2955 618 3022 latior
641 2957 755 3024 virebat
762 2983 774 3044 3
795 2960 912 3050 grande
925 2958 975 3040 id,
998 2979 1126 3047 prospe-

208 3086 353 3156 rumque,
376 3091 529 3146 consensu,
544 3069 755 3161 haruspicum:
778 3071 813 3141 n
836 3095 951 3142 summa
971 3064 1125 3140 claritudo'

141 3237 146 3247 .
206 3173 309 3264 juveni
329 3183 490 3254 admodum
513 3187 701 3278 Vespasiano
728 3191 873 3278 promissa
888 3206 907 3257 ,¹
942 3189 1003 3256 Sed
1025 3188 1124 3278 priano

206 3297 418 3389 triumphale,
441 3301 475 3370 dc
496 3303 687 3387 consulatus,
709 3303 743 3372 dt
757 3303 889 3391 JudaIcae
911 3303 1047 3374 vidoeiae
1069 3304 1125 3371 de'·

129 3446 130 3459 κ
205 3433 274 3498 tus,
295 3415 435 3508 implesse
457 3417 547 3486 fidem
569 3419 676 3486 ominis
698 3420 895 3489 uidebantur:
918 3439 954 3486 ut
968 3419 1036 3487 haec
1050 3421 1122 3487 ade-.
