2492 3942
168 244 886 330 AN.U.C.DCCCXXII.AER.CHR.69.
940 266 1009 331 nto

88 399 159 467 vili:
181 398 235 481 dt,
257 398 406 467 sestindo
426 403 513 488 igne,
535 404 660 468 misceri
681 400 790 468 cancia
810 400 946 469 tenebris
968 401 1012 479 lm

86 520 189 581 armis
212 518 322 597 jubet.
366 512 450 581 Tum
474 536 549 581 vero
582 516 731 605 strepitus
751 516 891 599 dissoni,
925 539 1012 585 casus

86 630 219 714 incerti,
244 652 343 720 neque
363 627 515 712 feriendi,
537 652 638 721 neque
650 632 823 699 declinandi
845 633 1011 723 providen-

86 748 151 812 tia.
182 744 280 815 Unde
301 748 420 819 elamor
441 746 613 829 acciderat,
638 749 848 841 circumagere
868 770 1012 839 corpora,

87 863 218 929 tendere
241 885 329 930 arcus
352 872 386 951 (5
393 870 444 948 5):
467 862 542 931 nihil
564 863 709 953 prodesse
723 865 836 946 virtus,
857 861 921 931 fors
934 888 1011 931 cun-

84 978 132 1043 cta
156 979 299 1061 turbare,
321 978 356 1047 dt
378 980 559 1071 ignavorum
581 1000 665 1069 saepe
688 980 760 1047 telis
779 977 936 1047 fortissimi
957 1003 1010 1049 ca·

84 1094 180 1160 dere.
209 1091 303 1184 Apud
326 1092 524 1176 Germanos,
554 1095 727 1163 inconsulta
748 1097 821 1163 ira:
851 1094 1010 1165 Romanus

84 1210 194 1293 miles,
227 1210 434 1300 periculorum
456 1232 589 1304 gnarus,
609 1209 740 1281 ferratas
761 1212 878 1294 sudes,
905 1212 1011 1305 gravis

85 1344 173 1409 saxa,
205 1350 266 1392 non
288 1322 371 1395 forte
393 1329 546 1409 jaciebat.
585 1325 654 1395 Ubi
675 1351 766 1397 sonus
788 1329 1010 1410 molientium,

84 1457 138 1508 aut
160 1440 309 1531 appositae
322 1442 413 1510 scalae
435 1444 554 1510 hostem
576 1445 610 1511 in
621 1466 727 1511 manus
743 1445 914 1528 dederant,
935 1466 1010 1535 pro·

83 1558 207 1648 pellere
238 1558 394 1642 umbone,
430 1562 495 1650 pilo
517 1560 628 1651 sequi:
662 1561 803 1643 multbs,
839 1560 872 1626 in
884 1561 1009 1631 moenin

84 1695 244 1764 egressos,
279 1675 459 1767 pugionibus
481 1674 605 1743 sodere
649 1676 700 1745 Sic
722 1678 871 1744 exhausta
893 1678 1010 1759 nodie,

84 1812 193 1857 ssovam
216 1790 314 1857 aciem
337 1790 401 1857 dies
422 1792 560 1880 aperuit.

140 1903 253 1971 XXX.
276 1902 458 1972 Eduxerant
472 1904 581 1974 Batavi
605 1907 734 1989 turrim,
756 1906 871 1996 duplici
892 1907 1009 1975 tabula·

84 2040 148 2102 to,
185 2040 280 2108 quam
301 2021 460 2107 pretoriae
481 2038 582 2109 portae
612 2023 666 2109 (is
688 2023 876 2111 aequissimus
897 2025 1010 2110 locus)

83 2135 372 2229 propinquantem,
402 2138 538 2225 promoti
558 2155 669 2204 eontra
692 2137 784 2204 validi
798 2158 945 2220 asseres,
975 2137 1010 2207 dt
1097 2128 1100 2136 ¹

84 2254 214 2322 incussae
237 2250 338 2317 trabes
347 2244 554 2344 perfregere,
576 2255 675 2322 multa
690 2254 930 2343 superstantium
938 2274 1011 2343 per·

85 2370 181 2437 nicie.
202 2364 442 2460 Pugnatumque
462 2369 494 2435 in
517 2371 693 2459 perculsos,
716 2369 813 2438 subita
834 2368 869 2437 dt
883 2390 1010 2460 prospe·

84 2509 118 2553 ra
139 2486 320 2574 eruptione.
363 2482 464 2551 Simul
486 2508 504 2553 a
526 2474 722 2577 legionariis,
751 2485 863 2577 peritia
885 2484 1011 2555 &arte

83 2598 318 2691 prestantibus,
344 2600 432 2689 plura
454 2601 669 2670 struebantur.
698 2600 892 2693 Praecipuum
913 2626 1009 2693 pavo-

84 2738 152 2782 rem
177 2721 248 2804 (56)
267 2714 372 2781 intulit
393 2738 568 2808 suspensum
591 2716 626 2785 dt
650 2735 760 2785 nutans
780 2720 1009 2789 machinamen-

83 2850 173 2914 tum,
194 2850 265 2921 quo·
273 2848 403 2920 repente
416 2832 564 2917 demisso,
585 2852 703 2925 praeter
715 2858 837 2906 suorum
852 2861 925 2920 ora,
947 2836 1010 2903 sin-

84 2948 170 3040 guli,
193 2945 337 3037 pluresve
359 2944 491 3017 hostium
513 2950 641 3019 sublime
663 2952 765 3044 rapti,
788 2975 877 3022 verso
892 2950 1010 3040 ponde·

84 3086 119 3131 re
140 3064 223 3131 intra
238 3079 337 3131 castra
359 3060 609 3134 effundebantur.
631 3062 761 3149 Civilis,
782 3068 890 3134 omissa
911 3088 1011 3157 oppu-

84 3179 198 3271 gnandi
220 3200 294 3269 spe,
319 3200 421 3245 rursus
442 3202 499 3271 per
521 3182 619 3255 otium
642 3184 823 3265 adsidebat,
844 3182 960 3248 nuntiis
975 3180 1010 3249 dt

84 3294 237 3382 ptonsissis
259 3292 350 3363 fidens
372 3294 531 3390 legionum
553 3299 748 3375 convellens.

164 3530 199 3592 c.
207 3530 278 3593 rac.
287 3534 323 3595 s.
333 3533 393 3593 111.
585 3506 590 3517 ’
689 3524 724 3592 Τ
