2492 3942
229 205 643 324 Hierournnunr
674 251 853 337 norm.
939 279 1038 359 ⁴23¹
1105 204 1109 209 ‘

110 403 178 466 gunt
194 393 322 448 Cominus
338 388 503 448 certabatur.
530 395 565 448 In
582 395 647 448 Flor.
663 400 689 446 tr
707 394 790 464 Regio
810 391 926 451 mendose
943 395 1000 448 acri-

107 467 178 522 bitur
193 466 311 522 cominus
327 467 430 520 miretur
447 463 609 522 certabatur.
800 469 801 472 ’

68 538 137 614 (21)
156 553 228 613 ,oua
242 535 375 614 provideri
392 551 456 593 astu
474 537 549 594 ducit
566 539 724 613 oportuerit,
737 538 857 613 prouiia.
877 541 919 591 Ita
935 540 1000 593 clare

109 610 281 679 Ryckianus,
298 619 322 664 dr
340 611 425 664 eodem
444 609 559 670 alludunt
577 613 643 682 Elor.
661 612 759 680 Regius
777 621 801 664 r<
819 611 956 680 Budenrie,
971 613 999 664 in

108 685 204 754 quibus
229 683 343 738 scribitur
363 684 467 756 pravior
491 684 532 740 vei
551 684 679 760 prurire·
707 684 838 740 Editururn
857 681 999 759 prouidisse

108 757 180 810 nullo
196 757 278 810 codice
296 756 424 809 firmatur.

67 829 136 905 (η)
154 826 276 886 Selicium
293 825 359 883 illa.
379 829 521 894 Nimirum,
536 839 611 902 parte
629 827 681 884 illa
695 827 939 898 nihiipaludusum,
956 825 999 882 sed

109 904 203 955 siccam
222 904 359 969 duramque
377 916 481 956 terram·
837 935 839 938 ⁴
970 930 971 935 =

67 976 137 1050 (η)
155 971 253 1046 Oppida
271 979 451 1028 Batauorum·
478 977 518 1028 Ita
535 975 614 1028 codex
635 980 770 1030 Romanus
793 991 854 1027 curn
874 973 957 1042 Regio
973 981 999 1026 dr

110 1047 268 1113 Ryckiano‚
287 1055 310 1098 dr
329 1047 398 1100 urbes
416 1048 579 1116 intelligenda
597 1062 658 1100 sunt
673 1051 827 1104 Batavorum
846 1059 918 1098 extra
931 1046 998 1099 insu-

109 1119 180 1182 lam,
198 1127 222 1173 dr
240 1120 275 1172 cis
293 1118 416 1172 Rhenum
436 1119 505 1173 sitae·
529 1121 599 1174 Edit't
616 1120 704 1189 legunt
726 1117 861 1193 oppidum,
884 1136 937 1187 quo
953 1136 999 1171 no-

110 1192 181 1244 mine
198 1191 241 1244 alii
259 1189 476 1253 Batavodurum,
494 1192 536 1246 alii
554 1193 746 1276 Noviomagum
763 1193 882 1258 capiunt.
949 1237 952 1242 .

69 1265 139 1338 (η)
158 1262 335 1319 Prasidia.·.
353 1261 491 1336 legionum,
508 1282 564 1318 urta
580 1263 730 1320 dieCiorlir
747 1261 940 1337 quadripartito
952 1262 999 1318 brt-

111 1335 228 1391 rrarcrr‘t.
248 1335 347 1405 Vulgo,
360 1333 482 1408 presidia
499 1334 629 1410 legionum
644 1333 753 1391 modicis
771 1335 836 1390 vicis
848 1332 999 1407 quadripar-

111 1409 169 1462 tita
186 1405 289 1462 Ciuilis
306 1408 451 1464 invaserit.
474 1411 589 1463 Correxit
611 1427 625 1460 e
642 1409 725 1462 codice
743 1410 881 1474 Ryckiano
905 1417 929 1460 or
947 1409 999 1460 edi-

110 1481 181 1533 tione
197 1481 277 1546 prima
292 1485 430 1550 Ernestus,
447 1491 471 1536 or
488 1483 560 1538 favet
578 1483 656 1535 codex
674 1481 762 1536 Gneif.
781 1482 807 1532 in
825 1498 875 1550 quo
887 1480 998 1534 scribitur

112 1548 221 1607 modicis
239 1549 329 1617 villis,
347 1571 393 1607 ner
411 1555 507 1608 additur
524 1552 626 1610 civitio
645 1568 698 1622 post
715 1551 834 1628 quadrip.

72 1622 146 1699 (25)
164 1627 311 1697 inrumpere
383 1638 502 1700 pontem·
521 1629 559 1681 Sic
578 1629 605 1679 in
623 1627 751 1694 vulgatis.
771 1632 887 1678 Ernestus
900 1643 958 1678 curn
971 1630 997 1693 J.

71 1706 74 1711 '
114 1697 246 1750 Gronovio
263 1715 276 1748 e
295 1717 353 1752 mss.
372 1699 513 1752 oxoniensi
530 1708 647 1768 rumpere
660 1709 780 1772 pontem.

74 1769 144 1846 (26)
164 1766 287 1841 Ditjebbo
302 1768 419 1843 agmine.
437 1777 532 1838 Nempe
552 1770 686 1838 militum,
710 1769 754 1838 qui
778 1771 882 1822 terrestri
907 1770 997 1822 itinero

110 1841 236 1896 Cerialem
261 1841 474 1910 prosequebantur
492 1881 499 1895 .
524 1846 620 1895 Horum
637 1857 715 1896 castra
731 1841 857 1896 nudiurna
874 1841 997 1895 Germani

110 1913 305 1984 aggrediuntur.
390 1953 392 1960 ,
555 1957 557 1962 ,

74 1987 146 2062 (rr)
167 1985 282 2040 suismet
299 1984 408 2040 tentorii
432 2021 440 2039 .
459 1990 499 2039 Ita
517 1987 656 2040 Vaticanus
672 2009 683 2057 ’,
701 1987 815 2055 Regius,
838 1994 864 2040 tr
882 1988 996 2055 Ryclr'n·

112 2076 182 2127 nus,
198 2057 286 2125 quibus
304 2059 397 2110 accedit
414 2069 438 2113 tr
456 2061 523 2113 Flor.
541 2061 566 2111 in
584 2077 636 2126 quo
653 2059 762 2114 scribitur
778 2058 890 2113 suismet
903 2059 996 2114 toriir:

113 2142 139 2186 or
157 2132 192 2185 sic
205 2133 264 2196 ¹jom
280 2129 357 2184 edidit
364 2133 503 2196 Eratonos,
521 2149 565 2202 pro
577 2133 685 2201 vulgato
698 2133 804 2187 ruirrrret
819 2130 913 2201 curiit,
937 2150 996 2186 cum

113 2220 241 2270 nusquam
258 2201 328 2256 coria
345 2221 389 2272 pro
404 2206 516 2258 tentoriis
534 2207 661 2258 dicantur.

74 2276 142 2351 (Α)
161 2275 314 2331 Pretorium
331 2275 481 2331 triremem.
499 2279 596 2348 Regius
621 2285 645 2331 ἀ
663 2280 816 2344 Ryclrianus
833 2277 942 2332 scribunt
957 2273 997 2333 bi-

113 2367 226 2404 remem.

78 2421 148 2504 (29)
168 2422 291 2477 Tricertr'r
309 2419 533 2497 quadragenirque
556 2436 724 2479 armamenta
741 2420 879 2480 liburnicir
902 2421 995 2477 solita.

115 2497 155 2548 Sic
173 2496 272 2562 Lipsius
290 2496 355 2550 dedit
372 2527 380 2543 ·
398 2497 493 2550 Locum
513 2497 580 2550 hune
599 2497 719 2565 plerisque
737 2497 763 2549 in
782 2513 842 2547 mss.
868 2499 929 2549 mire
946 2514 996 2549 cor·

113 2581 218 2634 ruptum
236 2569 272 2620 sic
289 2569 366 2621 edidit
384 2570 504 2635 Ryckius
522 2588 535 2621 e
552 2586 598 2622 suo
615 2569 716 2632 codice,
740 2567 866 2622 Triceucr
884 2565 996 2641 quadra·

108 2657 240 2715 genaeque
251 2635 321 2711 ferre
337 2653 449 2695 armatae
467 2638 613 2696 Liburnica
632 2637 733 2695 solent.
759 2642 826 2692 Huic
844 2639 940 2695 lediioni
958 2641 997 2695 fa-

117 2726 181 2766 vent
199 2712 265 2763 Flor.
285 2714 399 2782 Regius,
417 2722 440 2766 ὰ
457 2714 531 2765 editio
548 2715 644 2782 prima,
666 2714 693 2765 in
711 2713 801 2784 quibus
818 2713 928 2783 legitur,
946 2727 997 2769 tre-

114 2795 200 2840 centos
218 2781 438 2858 quadragenirque
447 2782 521 2858 ferre
538 2797 729 2851 armamenta,
746 2783 793 2840 vel
806 2804 883 2842 arma
899 2785 996 2842 Libur-

115 2856 182 2913 nicis
199 2851 295 2917 colito,
318 2856 358 2909 vei
375 2852 474 2910 solita.

79 2923 316 3003 (3⁰)Ub1'M0M
331 2927 459 2997 fluminis
476 2949 503 2984 or
519 2949 628 2986 ornnem
641 2927 763 3004 Rhenum
778 2936 881 2985 Oceam
897 2929 995 3004 adfun·
1025 2970 1029 2975 ‚

115 3001 174 3058 dit.
195 2998 260 3061 Alii,
278 3019 327 3072 quo
345 3003 426 3053 Mora
443 3001 570 3071 fluminio
588 3021 612 3058 or
630 3022 737 3058 amnem
754 2999 874 3074 Rbeatam
892 3011 997 3058 Oceano
1032 3031 1035 3041 ·

115 3069 258 3146 affundit·
277 3078 315 3126 Ita
332 3089 364 3124 ex
383 3072 445 3125 Flor.
462 3075 527 3127 dedit
544 3077 740 3141 pertonantis,
757 3084 781 3127 ἀ
799 3075 996 3146 firmatRegius‚

116 3148 158 3216 qui
176 3163 219 3212 pro
236 3141 382 3218 affundit,
400 3146 475 3198 habet
491 3144 630 3232 effundit.
666 3151 727 3200 Vide
751 3155 819 3199 nnn.
838 3162 865 3206 κ,
883 3159 908 3200 o.
926 3149 996 3202 Ediri

115 3220 212 3347 pingo,
229 3235 279 3289 quo
296 3223 379 3274 Mara
387 3217 517 3290 fluminet
541 3237 644 3274 amnem
656 3217 765 3294 Rhenur
781 3226 882 3274 Oceano
897 3217 995 3295 adfun-

133 3302 178 3346 tt.

79 3359 440 3437 <31)0rebrr'rpluor'alibut
458 3361 610 3420 imbribus·
637 3366 704 3419 Flor.
730 3374 754 3419 ur
772 3363 868 3434 Regius
884 3363 995 3420 scribunt

115 3431 209 3492 crebris
223 3446 268 3509 prr
285 3432 393 3492 biemem
412 3432 551 3492 imbribus.
