2492 3942
248 261 289 328 ut
449 235 793 312 HlSTORIARUM
824 242 908 312 Llss.
932 241 959 310 1.

247 397 359 466 tinuit:
383 397 482 476 major
503 393 625 482 privato
646 390 750 474 visus,
777 393 850 460 dum
871 393 1006 482 privatus
1026 387 1107 472 fuit,
1130 390 1173 460 ὅτ

247 513 383 581 omniurn
404 529 551 577 consensu
572 529 668 597 capax
682 507 823 598 imperii,
844 506 901 574 nisi
922 507 1119 597 imperasset.

318 739 399 810 Otho
420 739 463 818 lu·
485 737 626 808 Vitellius
646 743 739 807 uitiis
759 743 877 806 inuisi:
895 737 1036 826 umbigua
1057 740 1095 806 de

551 858 735 943 Vespasiano
749 853 857 940 firme.

307 1089 347 1156 L.
369 1085 539 1178 Trepidam
555 1083 698 1170 Urbem,
720 1109 756 1153 ac
777 1087 865 1154 simul
885 1085 1083 1154 atrocitatem
1114 1109 1171 1153 re-

249 1206 347 1274 centis
368 1206 516 1288 sceleris,
538 1204 627 1269 simul
644 1221 763 1270 veteres
776 1201 910 1269 Othonis
931 1225 1031 1268 mores
1051 1225 1170 1293 paven-

231 1325 333 1403 tem,
355 1345 449 1388 novus
478 1322 601 1407 iusuper
624 1316 659 1384 de
679 1317 818 1401 Vetullio,
847 1317 973 1395 nuntius
994 1319 1170 1401 exterruit,

247 1455 320 1503 aute
342 1436 458 1501 cosdem
481 1433 592 1501 Galbae
612 1455 804 1524 suppressus,
828 1449 1006 1501 otrentum
1028 1411 1171 1525 superio-

249 1553 290 1620 ris
305 1549 483 1616 Germania·
506 1550 677 1616 exercitum
691 1549 851 1616 descivisse
864 1549 1061 1618 crederetur.
1083 1547 1171 1618 Tum

248 1667 343 1748 duos,
365 1672 496 1734 omnium
519 1665 698 1732 mortalium
722 1667 928 1754 impudicitia,
951 1669 1097 1755 ignauia,
1119 1667 1171 1732 l-

248 1787 340 1849 eusio
363 1781 571 1862 deterrimos,
600 1781 687 1848 uelut
715 1780 759 1846 al
773 1782 960 1868 perdentium
982 1786 1171 1870 imperium,

242 1897 391 1985 feraliter
413 1897 540 1978 cuseos,
563 1917 625 1963 nou
648 1911 769 1962 tenatos
791 1896 882 1962 modo
903 1895 939 1964 ἀ
960 1917 1071 1987 eques,
1099 1900 1172 1986 quis

248 2012 349 2100 aliquo
377 2033 446 2099 pars
475 2010 510 2079 δε
531 2033 602 2078 cure
623 2011 820 2102 reipublicae,
841 2012 894 2079 sed
917 2012 1025 2104 vulgus
1045 2033 1171 2104 quoque

247 2126 347 2219 polam
373 2149 517 2197 maerere.
543 2127 612 2197 Nec
626 2131 688 2210 jam
704 2129 842 2194 recentia
856 2148 947 2194 saevae
961 2130 1042 2218 pacis
1063 2149 1172 2194 erem-

247 2243 325 2334 plu‚
355 2243 406 2310 sed
430 2245 564 2334 repetita
587 2243 738 2309 bellorum
759 2243 896 2310 civilium
916 2245 1088 2326 memoria,
1117 2266 1172 2310 cu-

244 2376 336 2447 ptem
364 2364 477 2426 totiens
509 2363 576 2430 suis
607 2357 791 2423 exercitibus
814 2358 950 2442 Urbem,
984 2364 1171 2428 uastitatem

247 2472 371 2552 italie,
386 2473 568 2560 direptiones
581 2475 839 2559 prouinciarum,
855 2474 1078 2558 Pharsaliam,
1092 2473 1171 2541 Phi.

247 2587 370 2673 lippos,
395 2585 438 2659 im
453 2589 618 2653 Perusiam
639 2609 676 2653 ec
690 2591 863 2672 Mutinam,
884 2607 958 2659 nota
980 2591 1171 2681 publicarum

246 2700 378 2770 eludium
401 2701 541 2783 nomina,
562 2701 791 2793 loquebantur.
825 2711 927 2794 Prope
949 2727 1092 2776 euersum
1114 2727 1171 2773 or·

247 2817 333 2898 lem,
355 2819 447 2882 etiam
470 2837 538 2884 cum
560 2819 595 2885 ds
613 2822 796 2908 principatu
817 2825 901 2889 iuter
914 2823 1008 2890 bonos
1028 2839 1172 2890 certare-

247 2947 320 2997 tur.-
348 2932 405 3000 sed
422 2938 575 3002 mansisse
595 2935 755 3023 C.Julio,
792 2941 940 3004 mansisse
961 2947 1081 3006 cesare
1102 2939 1172 3002 Aa·

244 3062 334 3134 gusto
357 3047 501 3130 uiliore,
537 3055 723 3138 imperium3
760 3074 939 3120 mansuram
955 3054 1085 3141 fuisse,
1113 3050 1171 3117 sui

247 3163 389 3248 Pompeio
408 3167 586 3252 Brutoque,
610 3163 851 3253 rempublicam.
882 3172 979 3237 Nunc
997 3167 1170 3257 proveho·

246 3297 308 3357 ue,
334 3299 374 3344 oo
392 3295 452 3367 pro
474 3281 619 3362 Vitellio,
649 3285 683 3346 io
704 3284 977 3371 templo-ituros?
1014 3294 1172 3368 verosque
1231 3352 1232 3375 ἢ

245 3393 357 3479 impias
375 3410 509 3483 preces,
531 3413 663 3484 utroque
674 3399 849 3470 detestemur
862 3417 958 3483 uota,
981 3400 1173 3478 interluos,

1036 3537 1112 3602 quo·
