2492 3942
203 228 623 356 msiounlun
653 287 838 357 nomn:
917 313 978 368 ³⁹³

65 419 125 500 (62)
143 427 306 478 immensum
323 419 356 480 id
369 424 500 497 spatium.
520 429 645 494 Respettu
663 427 897 497 fugientium,.·qui
914 426 983 498 defa-

100 497 188 565 tigni,
212 511 267 563 pars
291 497 368 548 etiam
388 498 534 553 vulnerati.
558 501 679 553 Proelium
706 502 788 554 medio
805 499 885 552 ferme
902 500 984 565 spatio

102 569 243 622 Bebriatum
263 569 329 622 intet'
347 577 371 622 &
395 574 545 625 Cremonam
563 573 730 627 commissum
747 587 801 626 est:
836 572 876 624 hae
896 584 985 625 autem

102 642 173 694 urbes
191 641 318 694 distabant
339 657 367 694 ιι
389 643 564 714 milliaribus„

67 712 111 786 (⁶3
147 715 243 797 Fuisse
259 711 371 786 quodam
395 709 429 774 (3
446 713 596 798 instiniiu·
622 723 688 782 Pro,
710 710 824 790 quodam
847 708 986 771 instiniiu

114 803 209 838 ureris.
365 839 368 846 ,
748 851 751 854 ,
804 827 807 832 -
904 849 907 854 .

65 857 123 930 (67)
141 855 261 912 clamer.
287 859 371 914 Latus
394 861 536 924 nimirum,
562 863 604 914 ubi
630 864 701 916 Otho
718 861 834 932 flexerat
852 859 987 927 vultum,

100 945 229 996 tamquam
249 930 412 986 obsecuturus
430 934 545 990 militum
558 935 664 998 studiis,
676 935 793 1012 gemitus
811 946 886 1002 ves'o,
904 952 987 1005 quan·

101 1001 132 1053 do
151 1003 327 1056 induraverat·
371 1045 374 1052 .
857 1048 859 1051 -

70 1073 130 1146 (67)
151 1082 190 1128 Ea
220 1074 257 1128 m·
275 1075 385 1140 inuitem
402 1093 512 1142 stemus,
529 1098 571 1152 ego
587 1098 619 1134 ac
632 1079 761 1153 fhstnna.
780 1085 841 1132 Haec
856 1080 985 1148 imperium·

100 1147 163 1199 mihi
197 1146 328 1216 efetendo,
345 1167 391 1218 ego
408 1147 572 1219 temperando
591 1152 721 1208 felicitati.

65 1217 127 1295 (66)
147 1222 207 1272 Aut
224 1215 418 1276 oblivisceretur
495 1236 546 1279 aut
563 1226 679 1279 nimium
692 1224 873 1280 meminisset.
890 1226 986 1279 Eodem

101 1293 217 1375 acumine
235 1293 300 1346 Plin·
317 1295 399 1376 iipist·
421 1314 446 1359 3,
468 1313 498 1355 14
530 1299 578 1369 qul
596 1299 707 1354 servisse
726 1310 829 1374 patrem
846 1313 926 1352 sunm
940 1309 987 1370 pa-

104 1381 181 1430 rum,
198 1382 278 1418 nnmo
295 1366 407 1420 nimium
424 1369 604 1424 meminisset.

68 1434 129 1514 (67)
149 1438 383 1492 consternatione„
396 1443 520 1495 Tumultu
538 1452 562 1496 ut
581 1447 823 1507 mutuanimotum‚
842 1458 927 1495 mente
934 1439 986 1496 scil·

102 1509 217 1576 turbata,
236 1518 259 1562 &
278 1510 349 1563 velut
365 1513 395 1564 de
413 1528 482 1567 statu
503 1528 587 1570 mota.

65 1581 114 1652 (66
153 1579 259 1638 Dnob'ns
270 1579 454 1655 facinoribus.
472 1587 546 1639 Caede
565 1589 672 1658 Galba,
688 1599 713 1644 sc
730 1607 777 1642 sua
795 1583 986 1662 ipsiusmorte.

67 1655 116 1729 (69
152 1655 301 1710 Invisitata
317 1657 413 1732 specie,
431 1660 448 1711 i.
467 1677 489 1710 e.
508 1678 559 1714 non
577 1678 645 1726 antu
656 1665 711 1729 visa¹
725 1701 732 1716 .
747 1668 792 1727 ,Ita
810 1681 842 1714 ex
861 1662 926 1716 Flos.
945 1662 987 1713 de·-

102 1729 193 1779 detunt
211 1728 330 1792 Ryckius
348 1739 372 1783 tt
390 1739 414 1802 J·
434 1732 601 1786 Gronovius·
626 1735 710 1787 Ceteri
736 1733 898 1796 inusitata,
921 1734 988 1797 quod

103 1808 127 1853 &
147 1796 245 1866 Regius
261 1815 379 1853 servat„

67 1869 135 1944 (70)
154 1870 268 1942 ¹Regium
284 1870 431 1944 Lepidum.
452 1875 534 1925 Hodie
541 1875 654 1948 Reggio,
669 1893 721 1929 nnn
732 1878 822 1945 'procul
839 1875 986 1932 aBrixello.

67 1943 130 2016 (γι)
149 1939 354 1996 Concedents'bus
371 1942 410 1999 ad
422 1942 548 2000 vitiorem
626 1940 661 2002 iis
678 1947 774 2018 copiis,
792 1940 808 1999 i.
827 1968 849 2001 e.
867 1950 988 2020 gladiato·-

104 2015 184 2067 ribus·
203 2011 289 2066 Valuit
307 2014 337 2065 ad
355 2017 456 2069 veniam
473 2021 560 2070 statim
580 2019 785 2088 impetrandam,
809 2024 877 2090 quod
894 2032 918 2076 &
936 2025 988 2092 gla-

109 2087 215 2140 diatores
232 2086 264 2137 ad
282 2085 404 2140 viiiotem
420 2089 494 2141 simul
510 2092 659 2144 transirent.

71 2159 137 2236 (72)
155 2163 231 2212 ln'tee
246 2155 343 2212 multos
361 2159 482 2214 societate
497 2159 577 2236 culpas
599 2166 696 2220 tutior.
722 2162 838 2223 Libenter
864 2166 988 2222 inducere-

107 2249 165 2284 mus
182 2247 271 2283 vocem
288 2229 383 2354 cnidius,
400 2252 477 2302 quiam
496 2253 541 2288 nec
560 2238 660 2308 Regius
684 2242 819 2309 agnoscit.
846 2245 887 2294 Ita
910 2241 990 2296 anitii

106 2313 217 2365 coeunt,
238 2317 266 2353 ut
284 2320 318 2355 nu
341 2322 370 2358 us
389 2299 503 2373 privatim
521 2306 634 2378 aliquam
652 2313 749 2365 consilii
769 2314 837 2367 viam
851 2315 988 2382 expediat,

107 2377 224 2428 tutiorem
244 2391 269 2427 se
285 2377 449 2442 existimans,
465 2381 486 2434 si
504 2381 572 2434 nulla
590 2383 615 2434 in
633 2397 657 2435 te
674 2385 706 2436 ab
724 2386 841 2439 societate
851 2390 989 2442 multorum

106 2452 295 2516 sejungeretuti
313 2451 434 2515 Ryckius
458 2469 471 2503 e
489 2469 534 2504 suo
551 2455 632 2507 codice
651 2457 745 2523 peaefett
768 2460 888 2530 snietats
910 2459 989 2536 cultu

107 2520 218 2580 tutiore,
235 2537 265 2572 eo
282 2539 376 2586 sensu,
394 2542 469 2592 quem
490 2527 573 2578 Taciti
591 2545 644 2580 esse
663 2531 708 2582 vix
726 2531 862 2584 credimus.

75 2589 137 2666 (77)
155 2591 223 2647 Ordo
240 2593 422 2650 Mutinensis·
441 2598 793 2669 Mutinensiumdecutiones,
810 2606 936 2674 publicum
950 2625 989 2660 ut·

109 2665 145 2718 bis
162 2665 311 2718 concilium.

73 2736 133 2811 (7⁴)
152 2733 285 2809 Ambigua
301 2736 492 2797 disserentem.
519 2749 558 2798 Ita
582 2764 609 2800 se
634 2747 716 2800 veihis
742 2748 935 2824 involventem,
960 2768 991 2808 ut

109 2808 260 2863 sententiam
279 2811 383 2877 apetiret
401 2813 512 2868 nullam.
528 2822 615 2882 Hujus
634 2819 682 2872 loci
699 2839 786 2876 sensus
803 2842 920 2893 apertus,
943 2845 990 2879 nec

110 2879 248 2934 audiendus
272 2883 413 2948 Ryckius‚
438 2890 481 2954 qui
507 2892 615 2960 vulgatae
640 2893 762 2959 leffium,
785 2897 903 2954 nutabile
928 2897 991 2953 inde

105 2952 230 3024 jurgium
240 2949 304 3033 suit
323 2987 332 3016 ‚
351 2973 399 3027 quo
416 2955 471 3018 &a
491 2962 599 3028 pretulit
616 2982 630 3016 e
648 2968 731 3020 codice
747 2985 809 3038 suo,
824 2968 941 3024 notabile
959 2971 991 3023 in

111 3024 263 3098 Verginium
273 3025 351 3097 fuit,
368 3031 440 3100 quod
460 3027 515 3092 &a
540 3035 610 3110 Licet
630 3041 725 3106 Regius
751 3042 779 3092 in'
801 3041 887 3094 eadem
911 3042 991 3094 ferme

110 3097 291 3152 abeat.,1nlta
309 3115 352 3164 pso
369 3101 528 3160 inritaverat
546 3107 692 3173 cecinam,
709 3113 841 3165 mallemus
859 3131 919 3167 cum
934 3115 991 3167 Aci-

112 3168 178 3220 dalio
195 3168 379 3224 invitaverat.

76 3237 138 3310 (75)
158 3241 261 3312 Rursus
277 3242 458 3300 consiliaturi·
478 3251 518 3302 lta
537 3253 601 3305 Flos.
620 3254 734 3322 Regius,
752 3263 776 3308 te
793 3257 869 3309 editi:
888 3258 992 3312 verbum

116 3326 200 3365 autem
219 3314 376 3381 consiliare,
393 3321 457 3372 unde
481 3321 670 3389 consiliarius,
695 3343 842 3394 usurpatum
869 3328 992 3390 Horatio,

113 3384 340 3444 Gnatumelscuta
356 3389 553 3450 consiliantibus
568 3395 764 3462 Iunonedivis.
784 3405 903 3467 Rycltius
920 3419 992 3456 esuo

113 3456 196 3510 codice
213 3459 276 3513 dedit
292 3460 451 3540 consulturi.
468 3539 471 3546 Ι
