2492 3942
102 210 115 232 '⁹
162 210 877 294 AN.U‚C.DCCCXXII.AER.CHR.69.
941 245 1001 299 1⁴5

83 341 213 460 gressus
228 365 259 429 in
281 380 400 446 castra,
423 363 506 430 ultro
523 365 671 450 pietatem
694 366 829 431 militum
848 365 1003 432 collauda-

82 485 145 552 vit:
168 476 368 545 frementibus
391 478 527 560 auxiliis,
550 496 669 546 tontum
691 482 891 566 impunitatis
912 496 1005 566 atque

82 599 273 682 arrogantie
298 595 472 682 legionariis
494 592 671 662 occes'sisse.
691 585 849 662 Coliortes
869 595 1005 662 Batavo-

72 735 175 793 tunt,
206 731 246 776 ne
275 710 346 799 quid
370 707 572 776 truculentius
601 711 778 793 auderent,
807 711 840 775 in
869 709 1005 778 Germa·

47 869 57 876 -
84 830 168 896 niam
189 825 323 893 remissae
330 845 341 914 3
362 825 545 916 principium
567 826 691 893 interno
711 828 798 893 simul
814 845 1005 918 externoque

84 943 167 1010 bello
184 949 277 1030 (103)
292 941 469 1031 parantibus
481 937 569 1007 fatis.
586 940 723 1010 Reddita
735 943 908 1009 civitatibus
923 943 1004 1010 Gal·

82 1050 184 1126 lorum
197 1037 336 1140 ¹auxilia,
358 1058 468 1148 ingens
475 1035 644 1142 numerus,
666 1057 811 1150 &prima
827 1060 931 1126 statim
946 1059 1004 1125 de·

81 1167 246 1241 sedisne
236 1190 319 1239 mter
341 1173 442 1240 inania
463 1173 534 1239 belli
558 1181 652 1262 (104)
680 1175 870 1265 adsumptus
903 1173 1004 1242 Cete-

82 1313 173 1372 rum,
185 1305 231 1355 ut
252 1289 462 1381 largitionibus
484 1285 645 1355 adfeetae
633 1313 694 1372 jam
714 1291 839 1380 imperii
854 1309 929 1380 opes
942 1283 1006 1355 sul

83 1407 233 1486 licerent,
246 1409 411 1493 amputari
432 1391 581 1495 legionuoo
596 1409 847 1493 auxiliorumque
859 1426 1004 1472 numeros
1034 1414 1093 1460 *s

84 1521 204 1605 jubet,
218 1521 321 1585 vetitis
342 1521 574 1610 supplementis:
600 1519 636 1589 dt
655 1524 835 1612 promiscuae
847 1521 1004 1588 missiones

70 1635 310 1708 sufferebantur.
335 1635 497 1728 Exitiabile
513 1637 544 1702 id
559 1636 751 1728 reipublicae5
772 1639 929 1730 ingratum
944 1637 1004 1702 mi-

70 1739 153 1836 ΙΙίῑί,
176 1753 226 1819 cui
247 1751 356 1818 eadem
378 1753 480 1818 munia
503 1753 587 1818 inter
609 1775 735 1840 paucos,
756 1753 957 1842 periculaque
969 1771 1006 1816 ac

83 1871 171 1936 labor
192 1867 328 1944 erebrius
349 1867 505 1932 redibant‘:
527 1865 562 1932 δε
585 1867 664 1932 vires
685 1868 758 1933 luxu
770 1866 1008 1956 corrumpeban-

83 1987 160 2064 t'ur,
184 1997 293 2046 contra
315 1994 454 2067 vetesetn
477 1981 686 2066 disciplinam,
708 1981 743 2047 dt
772 1982 913 2046 instituta
941 2004 1007 2046 ma·

85 2103 212 2182 josum,
232 2092 312 2183 apud
334 2113 409 2181 quos
430 2079 565 2174 uirtute,
586 2115 677 2182 quam
698 2093 847 2184 pecunia,
869 2116 918 2161 res
939 2094 1009 2161 Ro·

85 2235 178 2281 mana
200 2209 310 2276 melius
332 2209 436 2275 stetit.
458 2241 461 2248 ·

113 2447 255 2514 Vitellius
277 2452 461 2512 Cremonam
489 2441 663 2524 adventat,
691 2443 870 2547 lustratque
898 2438 987 2510 auide

132 2577 134 2584 '
180 2559 396 2630 Bebriocenses
419 2573 561 2647 campos:
583 2579 636 2626 nec
659 2576 704 2627 tot
726 2557 822 2625 milla
842 2561 893 2626 in-

293 2677 486 2765 sepultorum
508 2678 623 2743 ctutum
646 2673 808 2742 exhorret.

92 2947 97 2956 ·
148 2897 257 2976 LXX.
279 2901 356 2972 lnde
380 2905 529 2977 Vstellius
550 2903 740 2975 Cremonam
761 2904 868 2989 flexit,
890 2903 926 2973 dt
939 2927 1009 2996 spe·
1038 2891 1041 2896 ’

95 3021 172 3090 dato
195 3043 324 3090 munere
340 3017 495 3103 Caecinae‚
516 3021 659 3088 insistere
667 3021 911 3090 Bebriacensibus
926 3044 1010 3090 cam-

95 3141 163 3226 pis,
198 3161 235 3206 ac
259 3137 399 3230 vestigia¹
417 3136 549 3204 recentis
571 3135 705 3203 vidioriae
734 3136 865 3204 lustrare
890 3139 1011 3220 oculis,

96 3255 285 3344 concupivit.
308 3253 441 3323 Foedum
464 3269 558 3341 atque
579 3269 670 3318 atrox
690 3251 905 3342 speuaculum:
929 3253 1011 3319 intra

96 3366 356 3459 quadragesimum
378 3391 491 3464 pugnae
512 3367 614 3451 diem,
636 3368 901 3458 laceratorum,
923 3382 1011 3432 trun-

153 3487 376 3553 coenum.
693 3479 725 3548 Κ
