2492 3942
243 284 281 344 ⁴⁶
441 260 788 336 HISTORJARUM
820 266 903 334 LIB.
926 263 952 330 1.
1043 276 1047 284 “

239 429 334 508 atque
364 416 437 486 inde
458 417 490 482 in
513 414 660 504 palatium
682 415 801 495 vedius,
822 415 941 484 concedi
965 427 1093 502 corpora
1113 437 1167 484 se-

238 537 399 627 pulture,
430 535 622 616 cremarique
651 532 811 620 permisit.
848 528 991 613 Pisonem
1019 511 1200 600 Verania.x

241 673 339 731 uror,
373 673 408 716 ac
438 645 532 714 frater
558 645 794 730 Scribonianus,
822 643 865 710 T.
886 646 1016 716 Vinium
1038 643 1165 734 Crispi-

240 791 279 840 na
301 765 362 832 filia
386 784 601 852 composuere,
631 765 765 851 quesitis
794 762 1022 852 redemptisque
1049 761 1164 850 capiti-

241 883 294 950 bus
317 888 406 968 (⁹5),
427 901 496 967 quae
519 879 637 947 venalia
658 875 869 948 intersedores
892 894 1106 945 servaverant.

315 993 473 1064 XLulss.
494 993 565 1062 Piso
589 1018 685 1062 unum
706 993 741 1062 dt
763 994 950 1062 tricesimum
971 993 1074 1062 etatis
1103 1017 1162 1060 nn-

242 1135 314 1178 num
337 1113 499 1200 explebat,
521 1107 600 1178 fama
623 1111 771 1193 meliore,
798 1133 890 1200 quam
910 1107 1049 1176 fortuna.
1081 1109 1161 1176 Fra·

242 1245 305 1293 tres
328 1231 413 1309 ejus,
443 1227 599 1317 Magnum
621 1223 788 1308 Claudius,
819 1222 965 1294 Crassum
994 1224 1080 1296 Nero
1109 1226 1160 1290 in-

240 1340 445 1411 terfecerant.
470 1341 540 1431 Ipse
562 1342 613 1408 diu
635 1342 738 1424 exsui,
760 1343 921 1434 quatriduo
935 1339 1063 1422 Caesar,
1085 1363 1159 1429 pro-

241 1475 347 1550 perata
368 1458 532 1546 adoptione
555 1458 605 1524 ad'
618 1457 676 1524 hec
697 1475 822 1526 tanturn
840 1447 952 1538 maiori
969 1453 1058 1525 suani
1073 1479 1156 1545 prae·

241 1576 323 1640 latus
343 1591 410 1655 est,
434 1590 468 1638 ut
491 1573 575 1662 prior
596 1574 802 1642 occideretur.
826 1571 868 1639 T.
877 1574 989 1644 Vinius
1009 1573 1160 1663 quisqua-

240 1691 330 1782 giuta
353 1707 476 1778 septena
497 1711 592 1756 annos
614 1698 686 1777 (⁹⁶)
715 1690 804 1758 variis
832 1690 964 1756 moribus
983 1689 1068 1781 egit.
1097 1689 1160 1756 Pa·

241 1822 291 1870 ter
315 1804 402 1870 illie
427 1805 571 1894 praetoria
593 1803 727 1887 familia,
755 1821 912 1872 maternus
931 1829 1004 1872 avus
1030 1828 1049 1871 e
1069 1828 1161 1895 pros·

240 1919 364 2009 criptis.
387 1917 491 1986 Prima
514 1919 621 1987 militia
654 1919 793 2006 infamis,
824 1923 961 2014 legatum
989 1917 1159 1988 Calvisium

238 2034 388 2104 Sabinum
409 2035 570 2103 maeret:
600 2041 686 2119 cujus
706 2062 811 2120 uuor,
840 2039 920 2104 maia
945 2037 1089 2127 cup‘uiine
1112 2036 1159 2104 ui·

240 2152 326 2219 sendi
351 2153 444 2218 situm
467 2171 660 2237 castrorum,
682 2177 739 2244 per
760 2152 881 2220 nonem
901 2154 1026 2220 militari
1054 2155 1159 2220 habitu

238 2269 395 2360 ingressa,
418 2291 489 2334 curn
510 2271 628 2362 vigilias
649 2269 683 2338 dt
704 2287 809 2337 cetera
831 2268 951 2336 militiae
980 2271 1083 2336 munia
1104 2292 1156 2334 ea-

235 2384 308 2450 dem
331 2385 450 2451 lascivia
474 2400 655 2450 temerasset
673 2433 683 2465 ,
704 2387 736 2451 in
758 2386 828 2475 ipsis
850 2385 1006 2476 principiis
1014 2394 1156 2476 (97)stu-

238 2519 328 2586 perun
349 2520 435 2566 ausa:
466 2495 499 2562 dr
528 2499 664 2564 criminis
685 2499 776 2580 hujus
802 2523 872 2568 rens
896 2499 939 2568 T.
963 2503 1077 2572 Vinius
1104 2524 1155 2567 ar·

175 2599 183 2603 ’
237 2611 406 2700 guebatur.
429 2610 532 2702 Igitur
552 2617 634 2695 dcun
647 2614 688 2684 C.
701 2613 835 2684 casaris
856 2635 1003 2686 oneratus
1020 2618 1155 2685 catenis:

237 2749 327 2809 mox,
350 2726 522 2794 mutatione
545 2746 738 2822 temporum,
759 2734 916 2817 meus,
948 2750 1039 2800 curso
1059 2733 1157 2801 hono-

235 2865 304 2909 rum
326 2841 493 2925 inoffenso,
524 2845 640 2936 legioni
667 2867 736 2939 post
757 2868 925 2940 praeturam
955 2850 1157 2940 prepositus,

233 2960 460 3051 probatusque,
483 2962 585 3029 servili
606 2967 752 3056 deinceps
773 2968 886 3056 probro
909 2968 1157 3056 respersus'est,

232 3089 391 3163 tamquam
415 3077 562 3165 scyphum
584 3104 712 3150 aureum
736 3084 768 3148 in
789 3083 931 3150 convivio
952 3079 1079 3149 Claudii
1105 3078 1157 3145 fu-

233 3205 337 3277 ratu53
361 3189 395 3258 dc
418 3190 566 3262 Claudius
591 3216 716 3285 postera
738 3199 788 3266 die
809 3199 868 3267 'soli
896 3199 1035 3265 omniurn
1057 3196 1159 3269 Vinio

231 3302 368 3373 ouilibus
390 3310 556 3378 minismri
576 3315 683 3394 jussit.
713 3315 775 3382 Sed
799 3315 912 3386 Vinius
933 3314 1158 3406 proconsulatu

231 3419 615 3510 GalliamNarbonensern
638 3451 746 3506 severe
759 3432 945 3525 integreque
960 3432 1059 3500 rexit:
1083 3452 1158 3496 rnox
