2492 3942
233 321 295 388 15⁶
434 299 780 372 HISTORIARUM
800 300 885 370 LlBs
909 298 952 368 11.

230 571 309 640 aru
329 569 471 638 coucilia.
492 571 694 654 Vespasianus
708 565 1042 654 occupat-:Emeum
1065 569 1163 633 uuus

305 685 427 776 Judaeae
450 687 565 750 instat:
588 687 749 753 Mucianus
770 683 814 748 ad
830 679 947 749 bellum
967 678 1070 769 profi·

385 801 535 883 circitur3
555 801 777 885 pecuniasque,
800 796 867 864 belli
889 796 993 862 ciuilis

526 936 658 995 neruos,
680 916 851 998 conquirit.

293 1142 466 1214 LXXXII.
488 1143 590 1213 Prima
611 1143 686 1210 belli
699 1167 794 1226 cura,
818 1165 913 1236 agere
926 1141 1083 1231 deledius3
1106 1166 1159 1210 re-

238 1282 347 1333 vocare
369 1277 546 1330 veteranos:
569 1261 762 1328 destinantur
784 1259 893 1327 valida
905 1259 1051 1326 civitates
1065 1281 1160 1326 erer-

231 1380 340 1448 'tendis
362 1399 514 1444 armorum
535 1375 677 1447 officinis:
700 1375 780 1467 apud
805 1371 1035 1442 Antiochenses
1048 1376 1160 1442 aurum

234 1511 463 1584 argentumque
492 1493 650 1583 signatur:
680 1513 778 1582 eaque
806 1490 912 1558 cundia
941 1515 1000 1580 per
1027 1493 1158 1558 idoneos

235 1607 410 1689 ministros,
440 1603 499 1670 suis
530 1629 661 1696 quaeque
689 1609 781 1689 locis,
810 1603 1051 1674 festinabantur.
1085 1603 1160 1696 Ipse

236 1723 463 1812 Vespasianus,
493 1721 596 1806 adire,
625 1723 761 1805 hortari,
791 1723 884 1788 bonos
908 1721 1012 1803 laude,
1043 1742 1162 1812 segnes

237 1839 402 1928 exemplo,
425 1838 554 1904 incitare
567 1839 692 1928 saepim,
714 1859 977 1929 quamcoercere:
1000 1837 1079 1904 uitia
1092 1859 1161 1902 rna-

239 1956 288 2047 gis
309 1953 495 2037 amicorum,
522 1975 612 2044 quam
641 1955 771 2020 virtutes
799 1955 1004 2021 dissimulans.
1032 1948 1161 2018 Multo's

238 2067 427 2162 prafeduris
447 2068 483 2138 dr
509 2070 789 2162 pascuationibus,
818 2071 982 2158 plerosque
1010 2068 1159 2135 senatorii

239 2187 353 2256 ordinis
375 2188 490 2258 honore
521 2187 693 2277 percoluit,
722 2187 863 2278 egregios
891 2187 993 2267 viros,
1021 2183 1057 2250 ἀ
1087 2206 1158 2249 mox

239 2327 356 2372 summa
380 2307 523 2393 adeptos:
551 2303 728 2394 quibusdam
754 2298 877 2368 fortuna
907 2323 964 2391 pro
995 2301 1160 2367 uirtutibus

240 2417 317 2486 suit.
341 2419 532 2484 Donativum
544 2419 655 2500 militi,
679 2439 779 2507 neque
792 2417 957 2483 Mucianus
967 2418 1067 2505 prima
1082 2438 1160 2480 con-

241 2535 348 2613 cione,
369 2533 425 2597 nisi
450 2531 568 2596 modice
590 2533 782 2620 ostenderat;
804 2555 843 2598 ne
866 2533 1072 2620 Vespasianus
1087 2532 1158 2620 qui-

241 2647 312 2712 dem*
335 2645 405 2736 plus
425 2646 506 2712 civili
529 2645 608 2713 bello
637 2649 770 2731 obtulit,
786 2657 892 2737 'quam
919 2647 972 2712 alii
1000 2653 1032 2715 in
1061 2669 1158 2738 pace,

242 2760 369 2854 egregie
394 2761 497 2828 firmus
519 2762 660 2831 adversus
681 2765 845 2831 militarem
859 2763 1078 2854 largitionem,
1103 2783 1158 2827 eo-

240 2897 300 2970 que
322 2878 459 2944 exercitu
482 2879 623 2946 meliore.
646 2877 738 2974 Missi
760 2881 799 2946 ad
829 2879 979 2946 Parthum
1008 2876 1162 2946 Armeni-

241 3015 354 3082 umque
375 2993 487 3086 legati,
510 2999 744 3086 provisumque,
767 3017 806 3062 oe
828 2995 921 3064 versis
935 2997 973 3062 ad
987 2995 1080 3062 ciuile
1095 2994 1159 3059 bel-

240 3108 303 3174 lum
334 3109 518 3202 legionibus,
548 3130 639 3204 terga
667 3113 870 3179 nudarentur.
901 3109 1013 3178 Titum
1044 3112 1158 3176 instare

240 3221 373 3311 Iudaeae,
396 3226 615 3316 Vespasianum
637 3228 775 3295 obtinere
788 3228 920 3294 claustra
933 3224 1075 3318 AEgypti
1090 3226 1157 3315 pla·
1225 3278 1226 3283 ,

239 3341 322 3409 cuit:
345 3341 481 3411 sufficere
504 3344 685 3411 videbantur
706 3347 849 3413 aduersus
873 3342 1062 3423 Vitellium,
1088 3360 1158 3430 pars

239 3457 413 3545 copiarum,
434 3457 469 3528 δε
492 3459 553 3526 dux
569 3456 753 3543 Mucianus,
775 3457 810 3525 dc
823 3459 1008 3547 Vespasiani
1021 3478 1156 3536 nomen,
