2492 3942
725 145 732 182 l

223 280 285 347 ano
423 257 771 333 HlSTORlARUM
793 258 877 329 LIB.
900 254 964 330 IV.
1066 260 1071 269 ’

221 408 413 495 inficiendas
445 412 630 493 censebant,
652 408 812 491 turbidos,
840 406 981 492 infidos,
1003 412 1147 497 sanguine

220 530 328 599 hrum
348 528 629 617 pertimuisse
649 527 730 593 ratio
751 526 920 615 parcendi:
945 548 1003 607 ne,
1025 525 1150 592 sublata

220 660 272 734 apr
292 647 412 728 mnia,
430 647 639 735 pertinaciam
661 642 857 709 accenderent
877 650 973 730 (⁹7)·
996 642 1153 709 Alliricn·

220 763 403 847 despectas
431 765 462 829 ln
483 763 681 829 societatem.-
713 759 820 847 legasse
848 776 971 823 rancum
992 757 1150 845 legionen

221 873 410 963 intrrftliis,
445 893 577 945 cernunt
595 875 726 961 vulgus,
754 856 940 941 conscientia
961 873 1151 953 scelerum,

220 990 263 1067 ist
284 1008 337 1081 spe
362 994 581 1079 impunitatis,
605 990 701 1076 sicile
720 1012 938 1061 accessurum.
981 988 1032 1056 Ea
1056 987 1150 1078 primi

220 1106 337 1173 consilii
358 1104 473 1177 formet
497 1106 641 1196 missique
661 1126 719 1195 per
731 1104 851 1173 Gallias
866 1105 1043 1171 concitores
1058 1104 1146 1169 belii

220 1222 404 1310 Simulatum
435 1222 506 1311 ipsis
533 1222 727 1311 obsequium,
756 1243 819 1309 quo
846 1222 1045 1287 incautiorem
1069 1220 1148 1289 Vo-.

220 1340 320 1407 culam
342 1340 572 1429 opprimerent.
594 1335 664 1408 Nec
683 1334 830 1420 defuere,
851 1338 903 1428 qui
912 1336 1047 1408 Voculae
1062 1358 1148 1401 nun·

220 1456 352 1519 clarent.
387 1454 448 1520 Sed
473 1454 552 1521 vires
573 1454 611 1519 ad
633 1453 838 1521 menendum
859 1454 1016 1535 deerant,
1048 1448 1149 1518 infre-

219 1568 382 1657 quentibus
405 1566 563 1657 infidisque
584 1568 772 1660 legionibus.
801 1566 891 1637 Inter
912 1570 1068 1659 ambiguos
1080 1570 1146 1633 rni-

220 1686 317 1766 lites,
347 1681 382 1750 &
403 1685 540 1751 occultos
561 1683 689 1768 hostes,
726 1687 879 1775 optimum
899 1706 919 1750 e
938 1684 1145 1775 presentibus

219 1819 324 1883 tatus,
345 1818 451 1871 mutua
474 1801 734 1884 dissimulatione,
756 1800 791 1869 ἀ
805 1802 931 1884 iisdem,
950 1801 1058 1890 quibus
1082 1822 1143 1889 pe-

219 1918 357 1998 tebatur,
382 1918 496 1989 artibus
518 1918 665 2009 grassari,
689 1919 723 1984 in
747 1916 913 1985 Coloniam
924 1917 1145 2009 Agrippinen-

218 2056 290 2125 sem,
305 2033 481 2101 descendit.
504 2032 585 2101 Illuc
598 2032 747 2103 Claudius
762 2032 886 2116 Labeo,
907 2056 1001 2124 quem
1015 2053 1147 2123 captum

217 2148 252 2216 ἀ
274 2167 363 2217 extra
383 2166 570 2217 conventum
593 2156 666 2239 (on)
686 2152 882 2218 amandatum
904 2151 936 2216 in
958 2149 1071 2217 Frisios
1092 2150 1143 2215 di·

217 2270 334 2349 ximus,
355 2267 508 2356 corruptis
530 2267 704 2333 custodibus
725 2264 882 2359 perfugit:
905 2267 1137 2357 pollicitusque,

216 2389 245 2449 si
264 2384 451 2472 presidium
474 2384 623 2465 claretur,
647 2387 765 2449 iturum
787 2388 994 2464 inBatavos,
1017 2382 1060 2459 iq·
1078 2399 1136 2470 po·

133 2484 154 2503 ⁸
215 2504 325 2567 ctorem
346 2504 483 2567 civitatis
502 2510 624 2587 partem
645 2501 690 2566 ad
701 2503 876 2568 societater
891 2504 1063 2569 Romanam
1085 2520 1137 2569 rr·

214 2613 405 2681 traciarum:
427 2632 553 2705 accepts
575 2614 716 2703 peditum
731 2615 930 2705 equitumque
946 2615 1065 2681 modica
1074 2636 1140 2679 ma·

213 2749 276 2809 nu,
299 2727 374 2795 nihil
398 2732 477 2819 apud
500 2731 633 2799 Batauos
654 2740 760 2813 ausus,
781 2732 927 2820 quosdam
948 2730 1139 2799 Neruiorum

213 2844 467 2935 Betasiorumque
491 2852 531 2911 in'
544 2868 629 2913 arma
652 2848 771 2913 traxit.
815 2846 860 2913 Et
880 2844 988 2914 furtim
1008 2848 1139 2939 magis,

211 2984 303 3051 quam
326 2960 426 3042 bello,
448 2959 672 3029 Canninefates
692 2962 912 3053 Marsacosque
935 2963 1138 3029 incursabat.

143 3100 147 3110 ’
210 3076 354 3160 Vocula,
377 3076 541 3147 Gallorum
554 3074 665 3147 fraude
688 3078 834 3162 inleiius,
855 3080 893 3145 ad
914 3079 1036 3145 hostem
1059 3100 1140 3145 con·

209 3193 329 3260 tendit.
1042 3228 1046 3238 ·

265 3308 375 3381 LVII.
388 3309 468 3379 ιΝεο
490 3312 596 3403 procul
620 3312 790 3381 Veteribus
810 3312 937 3391 aberat,
960 3325 1033 3378 cum
1042 3308 1139 3380 Clas·

118 3498 124 3509 ,
207 3424 342 3495 sicus&
359 3422 481 3509 Tutor,
511 3428 567 3516 per
590 3426 724 3517 speciem
747 3427 930 3519 explorandi
949 3429 1137 3521 praegressi,
