2492 3942
258 275 672 347 HISTORIARUM
702 279 881 348 NOTAE.
964 306 1024 359 391

139 421 175 475 ad
192 421 346 488 recipiendas,
361 433 455 487 aquas,
473 429 497 475 et
515 419 678 472 exsiccandos
696 436 785 488 agros,
803 432 832 470 ut
850 419 932 485 planis
950 419 975 470 in
994 421 1030 472 io-

139 494 180 546 tis
200 511 253 546 mos
271 509 324 545 est·
344 492 415 544 Infra
432 511 492 560 pro,
507 490 592 564 pandi
609 491 694 544 aciem
705 489 820 563 jubebat
844 494 871 544 iu
889 493 971 561 Regio
988 511 1030 545 co-

142 567 198 618 dice
216 566 322 636 iegitur,
344 562 428 638 pandi
445 565 530 618 aciem
541 559 635 636 jabet·

103 637 170 711 (35)
190 636 359 694 Traducum.
385 636 521 692 Traducrr
545 638 678 704 dicuntur,
701 646 762 690 dum
793 639 859 691 vites
882 654 915 688 ex
939 635 1030 689 arbori-

142 713 189 762 bus
208 710 233 762 in
251 711 349 764 arbores
367 711 544 762 traducuntur.
670 709 672 711 ’

103 781 130 855 (3
140 783 168 856 6)
188 785 245 854 Rex
262 778 421 855 Epiphanes·
441 783 557 835 Antiochi
576 783 640 851 tegis
658 784 794 851 Comageni
812 781 908 842 fitius,
933 781 963 833 de
980 799 1031 850 quo

143 855 265 906 nimirum
286 854 354 920 plina
373 857 477 930 Tacitus
500 855 629 922 scripserat
646 855 673 907 in
691 856 765 908 rebus
783 853 947 923 Vespasiani,
963 855 1031 923 apud

141 943 219 995 quem
245 927 380 995 magnoin
399 926 490 980 honore
509 927 575 980 i'uit.

102 995 171 1070 (37)
190 1006 315 1054 Tantum
326 999 429 1122 insuper
446 995 555 1054 laboris.
573 1005 618 1053 Pto
637 1000 738 1074 insuper
756 1001 857 1053 videtur
872 1005 977 1052 Ernesto
993 1002 1028 1052 le-

142 1072 255 1141 gendum
272 1083 363 1146 super,
399 1089 428 1125 oc
445 1071 642 1141 sensu,'ptaeter
659 1083 771 1127 tantum
784 1069 962 1144 laboriratque
980 1072 1028 1126 iai·
1081 1094 1085 1102 ·

140 1144 216 1198 narie
231 1176 241 1206 ,
258 1143 399 1206 timuisse,
417 1161 449 1198 aa
464 1139 520 1204 &a

104 1215 155 1290 (38
191 1215 277 1270 Fabio
294 1213 402 1270 Valenti
424 1213 570 1288 adjanbias
587 1214 748 1272 retulimus·
767 1219 837 1271 Hist·
858 1237 882 1284 t,
903 1233 944 1279 59·
968 1264 971 1270 .

103 1291 155 1364 (39
187 1289 285 1360 iurgiis
303 1301 354 1342 aut
369 1288 451 1342 rixis·
470 1289 526 1341 Vid.
547 1291 615 1342 Hist.
637 1310 663 1352 1,
683 1300 725 1357 64.

104 1359 175 1436 (4⁰)
193 1361 292 1415 Omissa
309 1357 376 1414 ruba
393 1379 469 1416 sano.
495 1365 554 1428 Quo
572 1363 643 1415 initia
668 1363 811 1434 vigiliarum
830 1363 1027 1417 nunciabantur.

103 1433 170 1509 (41)
189 1434 346 1489 Patientia·
360 1433 608 1503 Vigiliarumscilicet
625 1453 678 1488 non
695 1435 833 1499 obitarum.
851 1438 952 1505 Lipsius
967 1436 1029 1490 mal·

141 1507 179 1560 let
192 1507 366 1580 punitentia:
383 1508 428 1559 sed
446 1507 509 1560 nihii
528 1521 631 1560 mutant
647 1509 758 1562 codices.

105 1578 174 1655 (42)
194 1582 294 1634 Paucas
307 1579 461 1646 incusavit.
482 1580 576 1633 Milites
593 1582 715 1648 quosdam
732 1583 861 1636 seditionis
875 1581 1028 1644 nominatim
1118 1583 1121 1589 '

142 1651 243 1720 arguit,
260 1671 310 1714 ne,
327 1653 347 1704 si
365 1652 493 1705 neminem
512 1653 688 1714 nominasset,
705 1657 819 1720 suspedia
835 1657 890 1716 ejus
913 1656 1029 1708 dissimu·

144 1725 206 1777 latio
225 1725 304 1776 foret.
640 1784 646 1790 ἣ

105 1795 170 1871 (43)
191 1803 228 1849 Et
246 1793 357 1868 quodam
376 1795 455 1848 inani
464 1791 574 1863 favore.
600 1795 760 1848 Admittenda
784 1797 884 1848 videtur
902 1797 1028 1850 Gronovii

144 1869 285 1930 conjeuura
303 1867 424 1934 legentiS,
441 1860 474 1924 Θ
492 1865 605 1940 quodam
623 1866 747 1920 inanium
757 1865 879 1938 flavore,
905 1885 935 1920 ut
954 1868 1029 1921 intei-

144 1942 251 2006 ligantur
268 1937 345 2010 vigor·
355 1938 452 2001 atatis,
469 1945 492 1990 de
508 1937 645 2010 proceritas
661 1939 785 2005 corporis,
810 1957 865 2007 quae
883 1956 945 1994 sunt
969 1939 1029 1992 iaa-

145 2011 209 2064 nia.
227 2010 266 2062 Sic
284 2015 352 2061 Ann.
370 2025 413 2069 13,
433 2013 444 2060 8
464 2008 572 2062 Corbulo
589 2009 678 2062 dicitur
693 2023 790 2084 corpore
808 2011 838 2064 ia
850 2031 915 2082 em,
941 2009 1028 2066 verbis

143 2079 296 2156 magnificus
316 2119 323 2134 .
342 2119 350 2134 .
372 2117 379 2132 .
398 2115 406 2130 ·
423 2081 507 2135 etiarn
524 2081 602 2153 specie
618 2081 744 2135 inanium
762 2080 821 2136 vali
838 2101 884 2138 ur.

106 2153 169 2230 (44)
191 2152 300 2210 Fadum
316 2169 348 2208 ac
365 2151 542 2208 maculatum·
562 2158 725 2219 Interpretare
740 2171 797 2206 cum
804 2158 956 2220 Gronovio,
975 2174 1029 2209 uon

143 2228 273 2298 ignaviam
298 2236 323 2280 et
346 2227 485 2291 timorem,
508 2225 549 2280 sed
573 2227 701 2279 libidinem
726 2235 750 2280 de
773 2231 963 2294 rapacitatem·
989 2229 1029 2282 Sic

144 2302 214 2355 Hist.
233 2319 257 2361 t,
276 2315 290 2358 7
310 2301 339 2352 de
357 2300 497 2366 Capitone,
514 2310 547 2352 ut
563 2298 687 2356 avaritia
703 2294 737 2360 (9
754 2297 865 2356 libidine
876 2300 980 2375 fadum
995 2319 1028 2357 ac

143 2369 320 2427 macularum.
338 2391 341 2398 ’
495 2377 496 2380 ’

108 2446 171 2518 (45)
189 2446 305 2501 Initium
322 2441 386 2499 belli
403 2461 478 2498 nemo
495 2440 668 2518 imputabat.
687 2445 764 2513 Atqui
782 2457 870 2497 tamen
888 2447 960 2500 civile
978 2447 1027 2499 bei-

143 2519 196 2570 lum
215 2537 231 2572 a
248 2518 349 2572 Vitellio
367 2533 492 2584 coeperat:
509 2519 551 2570 sed
571 2518 590 2570 is
608 2518 661 2570 scii·
677 2519 709 2569 ob
728 2516 857 2585 ignaviam
872 2527 1027 2587 &torporem

143 2591 279 2660 putabatur
295 2609 311 2644 a
329 2589 581 2660 beilicogitationibus
597 2591 710 2658 alienus,
728 2598 752 2643 dt
769 2607 785 2643 a
802 2589 855 2642 suis
871 2594 973 2649 coadius
990 2611 1027 2646 ar-

143 2681 187 2716 ma
202 2665 310 2730 cepisse.

108 2733 173 2810 (46)
192 2732 292 2790 Gallia
309 2745 445 2790 tumeant.
465 2742 496 2789 In
513 2735 607 2789 bellum
626 2748 749 2801 eruptura
769 2737 918 2791 videantur.

108 2809 174 2880 (47)
193 2811 247 2890 ipro
264 2808 383 2862 transitu
400 2808 527 2862 exercitis
546 2820 677 2862 vastam·
702 2811 743 2861 lta
768 2811 836 2862 Flor.
863 2820 885 2863 u
912 2813 1026 2882 Regius,

143 2889 168 2932 dt
185 2895 220 2933 stc
235 2879 312 2932 edidit
329 2883 353 2946 J.
373 2882 540 2935 Gronovius:
565 2897 620 2951 qua
646 2898 698 2936 vox
724 2883 821 2935 videtur
843 2883 1028 2952 significantior

143 2967 220 3021 quam
240 2953 401 3022 vulgatorum
419 2966 572 3008 vastatam,
618 2997 620 3002 ,

108 3023 173 3100 (48)
191 3030 305 3078 Summa
322 3043 410 3078 rerum
427 3021 461 3084 (θ’
477 3025 583 3096 imperii
600 3045 626 3080 re
642 3027 726 3099 ipsum
744 3038 907 3081 reservaret·
927 3027 1027 3078 Buden-

143 3098 196 3159 sis,
214 3099 310 3166 Regius
328 3105 352 3149 de
370 3099 521 3163 Ryckianus
539 3097 653 3152 scribunt
670 3115 801 3152 suminam
824 3115 908 3156 aarum
926 3095 983 3165 &a
1002 3107 1026 3152 de

142 3169 178 3222 sic
197 3169 270 3222 habet
289 3169 366 3221 editio
384 3171 478 3236 prima,
497 3183 628 3238 tamquam
647 3171 788 3238 appositive
806 3164 900 3222 diuum
920 3173 967 3223 sit·

112 3239 171 3314 (49)
189 3242 298 3314 irnpetia
314 3241 410 3298 hicum
427 3241 457 3294 in
476 3241 576 3304 incerto
601 3241 763 3314 reliquerat.
788 3247 855 3294 Cum
873 3242 943 3294 enim
958 3241 1027 3296 abes-

143 3328 197 3380 set,
215 3330 268 3366 non
287 3327 385 3382 poterat
403 3313 479 3369 iidem
498 3323 522 3368 ue
541 3315 636 3383 pondus
654 3315 732 3380 jussis
748 3315 843 3366 ducum
861 3313 973 3375 addere,
998 3329 1026 3366 ut

108 3437 113 3450 ,
143 3403 174 3438 ea
191 3385 262 3440 miles
278 3401 473 3455 exsequeretur·
1011 3447 1014 3454 A

107 3455 166 3532 (50)
180 3453 265 3527 Iuliis
282 3471 355 3534 super
371 3457 487 3517 ancoris.
514 3461 554 3514 ita
572 3477 586 3516 a
606 3460 671 3519 flor.
691 3467 714 3511 ta
733 3458 840 3512 Budensi
866 3461 984 3527 Ryckius
1001 3468 1025 3511 ue

644 3541 739 3616 Bb4
