2492 3942
212 273 274 328 4η
465 245 520 318 IN
550 243 777 320 LIBRUM
807 247 870 320 IV.

244 387 359 458 lundam
378 406 393 442 a
411 387 516 458 Tacito,
540 385 566 442 in
594 391 722 445 mentione
746 388 879 456 municipii
904 388 988 442 vicini
1012 395 1039 443 ἁ
1060 390 1141 444 notio

143 503 148 518 .
244 462 326 532 qualis
344 460 394 513 fuit
412 460 585 532 Tanaim
604 481 655 533 quo
673 476 759 516 tamen
779 462 805 513 in
824 461 931 514 nornine
939 461 1063 516 vacillant
1081 463 1143 517 scri·

243 535 278 604 pti
296 534 414 602 codices,
432 536 474 604 qui
494 535 610 588 mendose
628 535 739 590 scribunt
758 534 797 588 vel
816 533 955 588 earacinae
973 534 1017 587 vel
1034 542 1143 590 Taren·

243 608 307 662 tina
322 619 367 660 aut
386 603 538 662 Tarentino
555 643 562 658 .
582 645 589 660 .
609 643 616 658 .
634 605 764 676 Opinatur
781 619 839 674 ergo
855 617 901 672 pro
917 602 1020 679 regione
1031 606 1143 672 italia,

243 679 414 750 reponendum
432 679 528 752 origine
545 675 659 744 italica,
678 679 767 748 quibus
787 676 870 732 verbis
888 677 1027 732 Helvidius
1044 681 1143 734 dicetur
1216 700 1217 703 ¹

243 769 294 806 non
311 765 428 802 erremus
446 751 541 816 fuisse,
559 766 589 804 ut
607 767 669 805 tunc
694 751 831 818 in0senatu
851 751 972 816 plurimi.
999 755 1034 803 At
1057 757 1140 806 Erne·

242 839 296 878 stus
313 819 453 889 suspicatur
469 823 522 876 lraec
540 823 614 877 verba
631 825 733 897 regim
748 813 837 880 ltaliae
860 841 874 875 e
898 821 1011 893 margine
1035 823 1063 876 in
1082 840 1140 878 tex.

242 911 297 950 tum
318 895 452 964 migrasse,
469 915 497 950 ac
517 896 616 964 proinde
634 897 754 949 delenda·

207 965 272 1042 (η)
289 965 390 1022 Cluvio
404 977 497 1042 patre,
515 967 563 1040 qui
579 966 693 1023 ordinm
707 965 835 1042 primipili
847 963 985 1021 duxirret·
1005 969 1058 1034 Qui
1078 987 1138 1022 cen·

242 1041 306 1094 turio
324 1039 414 1092 fuisset
432 1039 502 1108 primi
520 1042 612 1094 ordinis
629 1040 788 1102 triariorum,
804 1040 848 1106 qui
860 1038 953 1113 piloni
970 1041 1081 1107 primurn
1099 1041 1137 1093 di-

240 1115 289 1169 tii.
308 1115 394 1174 Hujus
412 1111 490 1164 lilium
512 1113 756 1180 suspicaturLipsius
775 1123 893 1179 nepotem
911 1129 945 1163 ex
960 1129 1042 1166 sorore
1054 1113 1136 1166 fuisse

225 1185 353 1242 ‘Helvidii
372 1185 464 1249 drisci,
487 1185 532 1254 qul
557 1185 693 1253 appellatur
711 1188 780 1236 Arm.
808 1200 851 1244 ra,
872 1201 916 1248 49,
942 1193 967 1238 te
993 1203 1036 1248 ις,
1053 1188 1134 1252 ai,a

241 1277 293 1328 qno
310 1259 337 1310 in
356 1273 449 1311 nomen
467 1265 490 1310 te
509 1257 634 1311 familiam
654 1257 786 1324 adoptatus
803 1255 851 1310 sit.

220 1349 250 1391 υ,
286 1326 412 1384 Dubiam
430 1329 582 1454 rugientia.
602 1332 698 1383 Stoicos
716 1329 841 1398 intellige.

204 1333 253 1478 ili
286 1410 377 1457 Gener
392 1399 451 1455 dele
479 1417 526 1453 ur·
545 1405 691 1470 Antequam
709 1402 854 1466 Fanniam,
880 1399 958 1454 nrriae
984 1400 1133 1457 minoris&

239 1475 358 1527 Thrasea:
378 1471 455 1526 filiam
474 1473 591 1535 duceret,
609 1473 686 1527 aliam
705 1487 807 1526 uxorem
826 1474 971 1534 habuerat,
997 1484 1024 1527 te
1048 1493 1083 1526 ex
1103 1491 1133 1526 ea

239 1545 387 1600 Helvidium
406 1544 546 1608 juniorem,
563 1563 641 1614 quern
661 1547 970 1601 interfecitDomitianus.
991 1547 1131 1601 VidePlin.

238 1619 318 1672 Eist.
339 1635 365 1678 9,
386 1633 427 1677 ις.
854 1649 858 1656 ·

200 1633 380 1766 (16)PAgmerr
396 1705 512 1744 reorum.
531 1691 623 1742 Eorum
642 1690 696 1744 scil.
713 1693 757 1760 qui
772 1692 861 1744 eadem
879 1693 972 1746 ratione
988 1707 1133 1745 accusare·

238 1779 292 1818 rant
309 1761 485 1824 submerum,
504 1763 545 1827 δι,
562 1763 583 1815 si
601 1762 735 1817 Marcellus
752 1765 865 1826 caderet,
881 1763 967 1818 eadem
984 1763 1064 1816 ruina
1079 1781 1132 1832 pro

241 1837 315 1889 sternl
334 1836 472 1894 timebant.

203 1909 265 1985 (¹7)
283 1908 443 1967 Tritanum.
463 1907 545 1970 Culus
561 1906 703 1961 certaminis
720 1921 797 1963 testes
820 1921 883 1962 sunt
905 1905 1012 1978 egregiae
1038 1909 1130 1961 utrius·

238 1997 286 2050 que
302 1980 444 2034 orationes.

200 2051 260 2124 (ιῦ)
279 2065 373 2128 μνη
390 2048 464 2106 bonor
480 2051 577 2106 amicos
594 2069 666 2107 esre·
691 2054 765 2109 sam
789 2051 943 2108 Marcello·
970 2057 1012 2105 Ita
1036 2052 1126 2104 distin·

236 2139 321 2194 guunt
340 2127 406 2180 flor.
426 2127 582 2186 Vaticanus,
606 2133 631 2178 ὰ
649 2127 747 2196 Regius
764 2141 821 2179 cum
839 2127 998 2192 Ryckiano·
1023 2124 1129 2194 Vulgari

237 2213 291 2266 post
310 2198 485 2258 Rhenanam,
503 2211 581 2270 quam
598 2193 673 2251 bonor
690 2198 801 2252 amicti.
819 2202 885 2252 Erre
898 2199 983 2252 satir·
1086 2226 1089 2236 ·

201 2269 264 2346 (rs)
283 2269 413 2341 Principis
430 2266 521 2338 bonor·
539 2270 590 2336 Qui
607 2271 700 2323 scilicet
717 2271 822 2340 principi
847 2271 1014 2334 habebatur,
1038 2269 1128 2339 legatis

236 2343 265 2396 ad
283 2360 342 2394 eum
362 2342 506 2396 mittendis·
810 2357 815 2362 ’

219 2429 253 2464 20
283 2412 420 2486 Obsequio.
439 2413 572 2484 Legationi
591 2416 623 2468 ad
641 2411 777 2484 principem
794 2414 933 2469 obeunda.

201 2417 249 2560 iar
287 2484 431 2541 Ulteriora.
449 2489 577 2556 Tempora
594 2489 716 2540 nimirum
735 2489 812 2541 libera
829 2489 925 2557 reipub.

199 2558 263 2631 (aa)
282 2560 334 2612 Per
351 2555 503 2631 hujusmodi
518 2559 643 2632 imagines
661 2557 800 2615 inlusisse.
818 2567 876 2614 Hoc
882 2560 954 2628 quasi
962 2557 1050 2616 velum
1064 2573 1125 2627 pta·

234 2630 340 2683 tendisse
357 2630 485 2685 sceleribus
502 2633 569 2700 suis,
587 2647 614 2686 ut
632 2649 688 2701 qua
705 2647 792 2700 sponte
809 2637 922 2697 jussurus
939 2648 1010 2697 erat,
1033 2651 1064 2686 ea
1082 2649 1126 2700 per

233 2714 390 2755 accusatores
408 2711 432 2756 tc
450 2718 564 2758 senatum
583 2720 720 2772 exerceret,
737 2722 812 2775 atque
830 2707 865 2760 ita
882 2707 1044 2774 hominibus,
1068 2722 1125 2773 spe·

198 2799 202 2808 ·
232 2771 270 2828 cie
290 2771 398 2838 quadam
417 2775 536 2838 justirioe,
554 2793 611 2830 vere
631 2776 754 2830 illuderer.
1216 2824 1217 2831 ,

200 2843 263 2920 (η)
282 2851 375 2900 Senem
393 2844 587 2920 triumphalem.
606 2849 648 2904 0b
664 2865 703 2903 res
710 2865 792 2919 gestas
809 2849 835 2904 in
844 2848 975 2906 Britannia
990 2851 1122 2906 subciau-
1216 2890 1217 2897 η

218 2918 221 2924 ’
238 2919 278 2972 dio
297 2917 443 2986 imperatore
459 2920 601 2974 obtinuerat
619 2922 780 2990 triumphalia
796 2939 962 2979 ornamenta.

219 3005 251 3051 aa
283 2995 311 3045 Α
325 2988 477 3064 praetoribus
494 2990 663 3049 tradabatrrr
679 2988 818 3050 ararium.
846 2997 907 3050 vide
925 3006 995 3050 nnn·
1017 3013 1060 3065 13,
1078 3015 1119 3056 29.
1216 3004 1217 3021 ¹

198 2989 247 3144 ²25
283 3063 446 3137 Capitolium
461 3061 566 3136 publice
589 3067 792 3122 restitueretur.
816 3069 943 3136 Auspiciis
965 3070 1123 3136 reipublice,

232 3137 369 3198 adiuvante
386 3135 485 3206 quidem
507 3139 678 3206 Vespasiano,
701 3143 743 3194 sed
767 3156 897 3210 tamquam
924 3145 1049 3210 privato,
1075 3159 1120 3197 nec

231 3221 284 3262 tam
304 3223 332 3261 ut
350 3205 431 3278 capite
446 3211 553 3272 ejusdem
572 3210 729 3276 reipublicae,
753 3231 828 3280 quam
847 3226 930 3280 parte.
974 3274 978 3284 .

195 3278 255 3352 (ar)
273 3277 394 3350 oblivio,
411 3299 427 3334 a
445 3279 788 3353 membrorumque&
807 3285 927 3354 Virgilius
950 3295 975 3340 te
999 3289 1119 3350 Horarrm

233 3366 357 3412 utuntur,
382 3355 548 3406 seclmumero
567 3355 753 3410 multitudinis.
852 3357 858 3383 ¹
1216 3368 1217 3375 ’

196 3418 256 3492 (27)
276 3425 372 3484 fam,
390 3421 437 3493 qui
454 3419 685 3484 &mninirrmh
705 3435 803 3498 Nempe
821 3427 942 3498 pessimus
950 3431 1075 3506 quisque,
1092 3448 1118 3487 ur
