2492 3942
252 275 313 328 794
530 249 583 321 lN
606 246 829 320 LIBRUM
850 249 893 320 11.

246 387 309 468 (78)
329 387 385 446 Sed
399 386 453 446 sela
466 387 629 466 petteeitatis
645 407 723 445 enee·
741 392 788 444 sed
806 391 836 443 de
854 389 978 444 memoria
997 393 1109 446 nominis
1125 395 1165 448 sui

282 481 340 516 cum
360 465 430 516 omni
449 464 589 532 posteritate
606 456 758 531 adaquanda
777 465 851 516 unice
869 464 1042 530 cogitantem.

246 531 312 608 (77)
331 533 502 608 Diphmata.
520 534 606 602 Ediiia
625 543 649 589 ἃ
667 535 786 588 mndata
805 536 927 603 principis
949 535 981 586 de
1000 551 1026 586 te
1044 553 1166 602 quacum.

281 624 347 676 que,
366 610 399 661 sic
417 608 501 668 dista,
519 609 587 676 quod
605 609 631 660 itt
650 609 736 661 charta
752 609 884 674 duplicata
905 608 1095 660 scriberentur·
1120 611 1166 662 Hic

279 681 407 746 speciatim
425 680 600 750 significantur
617 678 704 732 littere
721 679 754 732 ab
771 679 937 747 imperatore,
953 694 999 732 aut
1016 680 1050 732 ab
1069 681 1100 732 iis
1114 684 1169 748 qui-

279 753 324 804 bus
342 753 387 804 hoc
406 753 493 806 datum
512 751 543 805 ab
562 752 725 818 imperatore,
748 769 889 820 concessa,
907 769 973 820 quas
988 751 1032 817 qui
1050 752 1167 819 impetra-

278 839 364 888 verat,
382 825 500 877 utebatur
516 824 586 892 equis
604 833 629 877 de
647 824 786 888 vehiculis,
810 839 869 893 quse
882 841 928 890 pet
951 825 1088 877 intervalla
1105 823 1168 878 loco-

277 913 333 950 rum
351 897 468 964 disposita
487 897 582 964 publice
601 897 770 964 prebebantut
786 899 820 950 ad
836 914 956 950 cursum.

242 965 304 1042 (78)
323 967 444 1024 Cereales
462 965 536 1024 ludi.
557 971 588 1020 ln
607 970 725 1022 bonorem
743 970 839 1022 Cereris
856 969 1044 1022 celebrabantur
1062 981 1120 1020 ara
1136 971 1165 1021 ad

279 1055 308 1100 ro
329 1043 434 1108 Aprilis.
453 1043 594 1110 Imperavit
612 1043 685 1096 Otlto
710 1055 742 1100 95
768 1043 823 1094 dies
845 1059 862 1094 a
890 1057 920 1100 ¹5
945 1040 1062 1108 Januarii
1081 1042 1114 1093 ad
1136 1059 1165 1099 ro

276 1117 298 1166 A
317 1115 383 1168 tilis.

240 1131 410 1264 (nfuued
423 1203 474 1242 77777
492 1185 653 1260 scriptitare·
671 1187 738 1251 Qua
755 1187 808 1240 scil.
826 1186 851 1238 id
870 1189 925 1249 jam
943 1187 1110 1245 monuerat,
1137 1199 1167 1238 ut

275 1259 342 1313 solus
361 1261 494 1330 imperator
512 1259 626 1328 publice,
651 1259 668 1312 i·
685 1276 709 1312 e.
734 1260 765 1313 ad
782 1257 894 1313 consules
918 1273 964 1312 aut
987 1257 1018 1310 ad
1041 1271 1164 1311 senarum

273 1333 401 1386 scriberet.

237 1401 304 1526 (8ο)
324 1403 428 1466 Avidi,
445 1415 495 1457 am
512 1402 634 1460 venales.
660 1410 709 1458 Sua
726 1406 835 1471 ipsorum
851 1405 963 1458 avaritia
980 1404 1105 1472 impulsi,
1121 1417 1165 1458 aut

229 1523 232 1532 ,
272 1491 287 1527 a
322 1476 376 1528 aliis
394 1475 473 1542 pretio
490 1477 584 1542 empti.

237 1543 299 1622 (81)
316 1545 382 1602 Plus
398 1543 568 1602 ambitimie·
587 1551 675 1617 quue
692 1549 860 1603 dissimulator
876 1549 1022 1617 rapinarum
1049 1551 1078 1600 in
1100 1549 1163 1601 mili-

272 1631 314 1680 te,
331 1621 403 1682 cujus
420 1621 526 1688 gratiam
545 1623 679 1690 captabat.

251 1689 298 1764 82)
318 1697 390 1748 Cura
407 1694 485 1764 ripe.
505 1699 600 1760 Nempe
617 1695 722 1759 Rheni,
739 1713 773 1748 ne
790 1696 912 1747 Germani
929 1697 1090 1748 transirent.

254 1765 301 1838 83)
319 1765 485 1822 inhonestam
501 1763 687 1821 adulationem
704 1768 849 1843 compescit·
868 1771 907 1819 Ita
925 1767 989 1818 Flor.
997 1768 1121 1834 Regius,
1139 1776 1161 1820 te

269 1837 328 1892 editi
346 1853 403 1892 ante
420 1839 593 1901 Rhenanam,
611 1841 654 1908 qui
673 1843 743 1894 nullo
760 1841 858 1892 austote
875 1841 942 1891 dedit
952 1841 1127 1912 compescuit.

234 1908 300 1994 (84)
318 1917 351 1966 Ν
353 1909 405 1966 nlla
418 1909 557 1986 principali
569 1924 682 1988 paratu.
700 1914 806 1967 Minime
824 1929 855 1964 eo
870 1925 1010 1981 apparatu,
1028 1913 1075 1980 qui
1093 1912 1162 1979 prin-

268 2001 289 2033 ct
323 2003 346 2036 m
364 1985 476 2036 deceret.

233 2000 351 2126 (85)ch
369 2058 422 2130 ipra
439 2057 577 2130 ingratus.
602 2059 675 2123 Quod
693 2059 786 2113 scilicet
809 2073 841 2109 eo
865 2057 987 2110 comunt
1011 2053 1108 2111 liberali
1135 2066 1160 2110 dr

266 2127 410 2195 splendido,
428 2142 563 2197 egestatem
583 2130 682 2182 Vitellio
697 2131 844 2197 exprobrare
862 2129 1002 2183 videretur.

230 2199 295 2274 (86)
315 2205 347 2254 ln
364 2199 493 2256 solatium
514 2201 609 2255 cessit·
633 2209 702 2256 Cum
729 2203 824 2269 imperii
842 2205 973 2255 decoratus
998 2202 1159 2270 insignibus,

271 2273 355 2340 paullo
373 2289 444 2342 post,
468 2275 537 2336 jussu
556 2275 685 2341 Muciani,
703 2276 895 2328 interficeretur.

227 2343 288 2417 (87)
305 2343 401 2400 Fidem
416 2343 544 2401 absolvit·
569 2349 635 2400 Cum
660 2352 728 2400 enim
747 2347 809 2400 falsa
825 2359 982 2411 essentque
1006 2347 1105 2400 desua
1131 2352 1158 2401 in

262 2418 389 2472 Othonem
409 2417 509 2486 perfidia
527 2419 629 2474 Vitellio
647 2419 829 2494 imputabant,
848 2419 981 2486 &apponi
999 2419 1046 2472 sibi
1063 2425 1158 2487 gratiae

262 2489 392 2560 volebant,
411 2491 524 2546 Vitellius
542 2493 644 2546 veniam
662 2493 838 2552 concedendo,
856 2507 945 2543 vnum
964 2492 993 2544 iis
1012 2491 1072 2543 fidei
1091 2511 1152 2563 erga

260 2561 391 2615 Othonem
408 2567 546 2617 remittebat
563 2565 675 2628 crimen,
693 2583 743 2635 quo
760 2564 858 2618 nullum
875 2564 977 2633 gravim
994 2565 1059 2616 inter
1075 2565 1157 2620 desti·
1214 2586 1215 2589 ¹

260 2648 373 2701 scentes,
392 2650 419 2688 ut
438 2637 474 2688 ait
492 2639 562 2690 Hist.
584 2657 608 2698 7,
631 2654 672 2699 59·

224 2703 287 2776 (88)
306 2703 484 2762 Trachalum·
503 2710 658 2772 Galerium,
683 2713 713 2764 de
736 2727 787 2779 quo
805 2710 876 2764 Hier.
899 2731 923 2772 1,
943 2725 985 2766 90·
1005 2714 1047 2762 Ex
1074 2710 1157 2773 hujus

258 2777 361 2831 nomine
379 2781 504 2842 conjicere
521 2781 578 2835 licet
596 2783 675 2835 fuisse
692 2784 800 2854 aliquam
819 2784 1038 2851 propinquitatem
1066 2784 1154 2851 ipsum

259 2852 323 2904 inter
340 2860 363 2904 de
381 2849 523 2907 Galeriam
540 2871 642 2908 tutorem
661 2856 767 2910 Vitellii.

222 2923 285 2997 (89)
305 2921 348 3050 Ahb
366 2935 475 2996 tetraque
493 2928 578 2981 mari·
603 2932 697 2996 Supero
713 2944 757 2981 seu
775 2928 926 2989 Adriatico,
950 2935 975 2981 dc
994 2926 1079 2979 infero
1104 2944 1152 2981 sen

257 3001 322 3064 Tytt
342 3015 407 3056 eno..
899 3050 904 3061 ,

220 3069 283 3142 (90)
301 3069 380 3125 Ludo
397 3065 429 3130 (εἲ
446 3089 543 3126 arena.
562 3073 743 3140 Disciplina&
760 3073 941 3126 certaminibus
957 3072 1148 3143 gladiatorum.

253 3141 363 3198 Lndnm
382 3158 455 3197 vocat
471 3146 555 3197 locum
573 3148 599 3197 in
617 3164 669 3214 quo
685 3147 853 3200 docebantur.

212 3213 560 3288 ·(91)Retult'mne·llist.
583 3237 606 3282 t,
626 3221 668 3268 88.

218 3285 283 3356 (92)
302 3285 434 3360 Plancius
452 3299 551 3342 Varus.
578 3297 617 3342 Ita
634 3307 726 3345 nomen
749 3291 864 3345 scribitur
880 3294 907 3344 in
926 3294 993 3346 Flor-
1011 3300 1037 3344 ὰ
1055 3311 1149 3348 conso-

252 3353 316 3407 nairt
333 3361 485 3412 numismata
504 3361 549 3414 sub
569 3366 724 3428 Vespasiano
740 3383 816 3432 cusa,
840 3366 914 3433 idque
937 3367 1054 3418 voluerat
1071 3367 1149 3419 Bero-

248 3425 336 3488 aldus,
354 3432 424 3491 cujus
441 3432 517 3486 editio
534 3449 611 3487 errore
630 3437 808 3506 typographico
825 3437 921 3505 praefert
942 3434 1075 3506 Plotius,
1091 3457 1147 3491 un-
