2492 3942
167 238 893 327 AN.U.c;DoecltX111.AER.cHu.70.
956 273 1016 327 rer

101 398 220 486 regno,
242 414 446 484 magnamque
468 392 502 460 dc
532 392 668 461 inclitam
698 395 802 461 sedem
828 393 920 477 lore,
948 414 1021 485 quae

101 508 286 598 excepissetr
309 510 403 576 simul
422 514 522 577 uisum
544 513 679 578 eumdem
695 513 841 594 iuvenem
862 515 894 577 in
914 512 1020 581 telum

101 628 182 711 igne.
190 624 329 712 plurimo
350 625 472 693 attolli.
495 622 703 709 Ptolemaeus,
731 626 834 694 omine
863 624 899 693 dc
927 627 1020 693 mira·

101 739 173 805 tulo
196 740 335 822 excitus,
357 739 820 833 sacerdoribusAEgrpriornn,
842 742 947 830 quibus
956 729 1022 808 mot

102 856 176 922 talia
201 856 400 947 intelligere,
425 855 587 925 nodnmos
609 860 688 925 visus
710 860 830 946 aperit,
852 857 961 945 Atque
981 858 1022 923 il·

101 972 137 1039 lis
160 970 253 1037 Ponti
276 971 524 1045 &externorum
539 973 780 1066 parumgoaris,
801 971 1022 1070 Timotheum,

101 1082 349 1170 Atheniensem,
373 1106 509 1181 egente
540 1087 812 1179 Eumolpidarum,
845 1110 957 1178 quem,
986 1105 1022 1157 ut

101 1204 276 1271 antistitem
289 1205 553 1289 caerimoniarum,
567 1204 722 1273 ‘Eleusine
735 1207 891 1273 exciverat
905 1213 995 1293 (134)
1010 1248 1021 1287 ,

102 1340 243 1404 quanam
267 1322 320 1389 illa
344 1327 545 1410 superstitio,
566 1322 653 1409 quod
669 1325 802 1392 nmen?
830 1322 1022 1414 interrogat.

103 1430 308 1518 Timotheus,
331 1438 485 1525 quesitis,
509 1440 562 1528 qui
584 1440 615 1503 in
631 1436 765 1507 Pontum
777 1451 949 1519 tutassent,
968 1460 1023 1505 eo-

102 1550 245 1643 gnoscit,
267 1554 374 1619 urbem
396 1554 460 1621 illic
482 1556 638 1645 Sinopen,
660 1575 720 1622 nee
731 1556 839 1645 procul
851 1556 1022 1645 ternplum,

102 1684 210 1733 uetere
238 1668 323 1735 inter
353 1671 471 1737 aerolas
500 1669 602 1752 famia,
633 1669 714 1756 loris
741 1670 852 1739 Diris.
882 1668 1023 1761 Namque

74 1792 76 1797 ’
102 1781 136 1851 ἅ
161 1783 342 1849 muliebrem
358 1784 490 1875 effigiem
502 1786 667 1866 adsistere,
688 1808 779 1873 quam
792 1783 932 1873 plerique
944 1783 1024 1851 Pro-

105 1899 259 1987 serpinam
282 1916 411 1965 vorent.
435 1898 496 1967 Sed
519 1898 725 1980 Ptolemaeus,
753 1916 788 1965 ut
808 1916 879 1967 sunt
901 1899 1024 1992 ingenia

103 2024 236 2105 regum,
259 2024 372 2101 pronus
393 2014 432 2081 ad
453 2011 668 2095 formidinem,
689 2014 739 2081 ubi
759 2014 905 2081 securitas
914 2016 1023 2097 rediit,

105 2130 303 2217 voluptatum
326 2150 417 2218 quarn
446 2131 630 2221 religionum
662 2146 831 2219 appetens,
862 2119 1024 2221 negligere

104 2244 285 2333 paullatim,
307 2244 439 2347 aliasque
459 2246 498 2313 ad
513 2268 599 2315 curas
613 2246 748 2316 animum
761 2262 902 2313 vertere:
923 2246 1024 2321 donee

102 2363 211 2427 eadem
234 2360 367 2450 species,
388 2362 557 2429 terribilior
570 2366 632 2444 jam
646 2360 681 2431 ὅ(
693 2362 877 2444 instantior,
896 2366 1024 2431 exitium

105 2481 167 2564 ipsi
198 2498 345 2565 regnoque
375 2479 592 2562 denuntiaret,
623 2484 656 2545 ni
680 2483 771 2563 jussa
797 2494 1023 2565 patrarentur.

105 2588 191 2657 Turn
214 2592 333 2683 legatos
358 2592 393 2662 dc
413 2588 493 2665 dona
516 2593 762 2687 Seydrothemidi
784 2593 853 2686 regi
874 2595 922 2680 (is
948 2612 1025 2664 tune

105 2705 320 2795 Sinopensibus
341 2710 555 2799 imperitabat)
580 2711 719 2801 expediri
739 2711 825 2791 jubet
832 2735 844 2799 ;
866 2712 1025 2800 praecipit·

104 2844 167 2912 que
190 2824 392 2916 navigaturis,
415 2844 450 2893 ur
473 2827 616 2910 Pythium
638 2827 809 2915 Apollinem
829 2829 958 2895 adeant.
980 2826 1025 2893 11-

105 2940 144 3005 lis
174 2962 275 3005 mare*
293 2940 484 3009 seeundum:
512 2964 576 3009 sors
604 2944 721 3011 oraculi
750 2941 1024 3039 haudxamhigua:

108 3062 211 3138 irent,
235 3054 490 3143 eminentemque
508 3066 613 3147 petris
634 3063 686 3127 sui
708 3056 909 3139 reveherent,
936 3076 1026 3125 soro·

101 3174 155 3237 'ris
176 3174 395 3259 relinquerem.
794 3240 798 3248 .

106 3330 110 3337 ·
165 3283 360 3357 LXXXIV.
393 3284 445 3357 Ut
466 3286 603 3380 Sinopen
626 3310 761 3371 venere,
782 3310 932 3372 munera,
954 3311 1027 3381 pre-

107 3422 177 3483 cer,
200 3402 341 3471 mandatu
357 3405 440 3499 regis
459 3407 504 3475 sui
519 3405 765 3487 Scydrothemidi
785 3404 941 3498 allegant.
962 3404 1029 3497 Qui
