2492 3942
236 296 297 357 ,ιο
436 256 978 333 Hrsroutnsuusnts.1v.
1052 305 1062 317 ..
1106 226 1110 232 ’

231 416 350 489 Pisonis
371 414 492 507 ignari,
512 410 593 501 quod
616 408 733 481 Poenos
752 409 935 493 auxiliares,
968 406 1164 503 Maurosque

233 538 265 603 in
287 554 356 601 eam
385 530 503 599 cedem
532 526 709 619 delegerat:
740 523 819 593 baud
850 528 962 616 procul
988 530 1165 611 cobioalo,

233 652 354 723 obvium
376 644 460 715 l'orte
481 662 621 725 serrum,
644 646 804 731 quisnam,
824 640 870 719 b»
889 644 946 710 abi
964 664 1048 713 esser
1067 649 1167 713 Piso?

234 772 489 857 interrogavere.
511 758 645 840 Servus,
666 758 798 851 egregio
821 760 1004 843 mendacio,
1025 783 1063 828 se
1077 767 1168 831 Piso-

233 904 302 957 nem
317 902 385 948 essa
399 875 575 969 respondit;
597 874 752 941 aestatim
764 872 982 943 obtruncator:
1006 900 1070 945 nec
1082 880 1169 945 mul·
1217 925 1221 930 .

234 1018 274 1073 to
296 1012 366 1089 post
388 992 459 1063 Piso
481 988 684 1061 interficitur.
707 988 848 1078 Namque
868 992 998 1075 aderat,
1020 996 1077 1081 qni
1110 1018 1169 1060 no·

234 1129 357 1195 sceret,
377 1108 489 1183 Bebius
502 1104 628 1189 Massa,
642 1128 662 1173 e
675 1108 922 1197 procuratoribus
935 1106 1056 1175 Africae
1067 1117 1148 1197 (88)
1155 1158 1170 1193 ,

236 1238 298 1319 jam
319 1246 395 1323 tnnp
416 1226 536 1318 optimo
556 1224 668 1313 crriqne
687 1221 850 1304 exitiosus,
873 1220 908 1290 ἀ
930 1226 962 1289 in
973 1246 1078 1291 causas
1091 1248 1168 1291 ma-

236 1350 355 1429 lorum,
376 1364 447 1433 quaa
476 1362 548 1408 mox
576 1340 703 1406 tulimus
729 1343 821 1424 (so),
851 1340 961 1429 sapius
987 1340 1168 1409 rediturus.

235 1462 348 1533 Festus
376 1455 578 1535 Adrumeto,
614 1454 665 1521 ubi
693 1452 933 1544 speculabundus
960 1458 1166 1541 substiterat,

236 1576 275 1645 ad
305 1572 461 1669 legionem
490 1569 674 1651 contendit,
704 1566 942 1662 praeletiumqne
966 1590 1168 1657 astrorum,

236 1690 427 1764 Cerronium
448 1684 612 1767 Pisanum,
634 1685 745 1756 vinciri
765 1687 871 1770 jussit,
893 1688 1028 1779 proprias
1048 1690 1089 1755 ob
1119 1693 1169 1756 si.

237 1808 401 1893 multarem
421 1802 472 1873 sed
495 1804 621 1873 Pisonis
642 1800 805 1871 satellitem
819 1804 958 1872 rotabat:
978 1804 1168 1896 militesque

237 1922 273 1993 dt
294 1920 492 1991 centuriones
512 1918 658 2010 quosdam
679 1916 800 2008 puniit,
821 1921 898 1988 alios
918 1920 1054 2011 praemiis
1075 1920 1168 1989 adfe-

239 2040 300 2108 cit:
323 2049 464 2107 neutrum
486 2056 526 2103 ex
548 2034 680 2118 merito,
702 2033 756 2102 sed
776 2053 813 2103 ut
838 2038 1026 2127 oppressisse
1046 2039 1166 2107 bellurn

236 2156 438 2225 crederetur.
467 2150 550 2221 Mos
571 2150 745 2219 Oeensium
767 2149 1075 2244 Lepcitanorumque
1100 2156 1166 2223 dis·

239 2272 357 2342 tordias
377 2269 555 2360 componit,
577 2288 670 2355 quar,
691 2282 781 2356 raptu
804 2265 928 2362 frugum
948 2267 986 2337 dt
1011 2292 1165 2360 pecorum

237 2392 320 2458 inter
348 2404 503 2479 agrestes,
532 2383 658 2449 modicis
685 2384 869 2473 principiis,
898 2388 961 2466 jam
990 2409 1049 2477 per
1076 2410 1166 2455 mma

137 2502 143 2513 ’
236 2524 330 2594 atque
357 2504 437 2571 acies
464 2500 712 2587 exercebantur.
747 2498 828 2567 Nam
857 2502 986 2593 populus
1006 2502 1164 2587 Oeensis,

181 2647 189 2655 ·
238 2616 436 2686 multitudine
449 2614 594 2697 inferior,
618 2614 824 2683 Garamantas
838 2618 1014 2700 exciverat,
1030 2638 1165 2712 gentem

236 2730 435 2813 indomitam,
465 2731 501 2799 ἀ
533 2734 616 2799 intes
643 2732 760 2801 accolas
791 2732 959 2802 latrociniis
978 2731 1164 2803 fecundam.

238 2842 335 2914 Unde
357 2842 447 2910 atilae
469 2846 647 2937 Leptitanis
672 2868 741 2931 res,
764 2850 889 2939 lateque
911 2850 1038 2916 uastatis
1060 2857 1164 2944 agris,

236 2965 318 3035 intra
339 2960 454 3031 moenia
483 2964 695 3053 trepidabant:
727 2966 828 3033 donec
849 2966 1027 3033 interventu
1049 2968 1164 3036 cohor-

236 3081 316 3149 tium
338 3077 517 3171 alarumque
539 3076 596 3147 fusi
609 3080 833 3164 Garamantes,
855 3080 891 3150 ἃ
912 3100 1040 3173 recepta
1062 3090 1167 3153 omnis

235 3194 360 3288 prada,
383 3194 439 3265 nisi
459 3216 552 3287 qaam
576 3196 646 3288 vagi
669 3218 728 3289 per
748 3199 900 3267 bracteam
921 3200 1091 3291 mapalium
1114 3204 1162 3272 nl·

234 3312 394 3381 artioribus
415 3312 636 3383 vendiderant.
