2492 3942
229 281 268 344 qr
331 299 337 336 r
414 245 781 324 'HIsTournRUM
800 249 886 322 Lus
909 249 937 322 Ι.
972 301 978 312 .
1026 249 1030 259 ’

228 405 351 476 invasit.
388 397 485 494 Apud
508 401 666 472 Romanos
685 402 788 468 omnin
810 402 924 492 ptoelio
946 417 1040 490 apta:
1072 401 1150 470 Sar·

227 543 319 591 matae
336 521 473 610 ¹dispersi
495 513 638 608 cupidine
660 517 773 610 prodae
787 515 813 600 ‚⁴
835 535 889 584 aut
910 538 1020 610 graves
1048 541 1148 586 onere

226 639 431 718 sarcinarum,
466 633 637 705 &lubrico
658 633 804 700 itinerum
823 633 968 723 adempta
997 636 1148 722 equorum

225 754 430 848 pernicitate,
453 745 538 817 velut
561 745 651 818 vinni
672 749 886 816 credebantur.
923 748 1065 838 Namque
1085 750 1147 816 mi-

225 868 426 950 rumjdillu,
461 861 497 932 ut'
518 865 558 931 sit
586 868 685 934 omnis
705 863 911 932 Sarmatarum
940 865 1044 930 ri'sru's.
1058 865 1148 932 velut

225 1002 312 1052 extra
333 984 427 1074 ipsos:
451 983 585 1062 nihilad
612 981 787 1070 pedestrem
808 1003 945 1074 pugnam
967 998 1030 1046 tana
1054 981 1148 1074 igna-

225 1122 316 1188 vum,
337 1100 386 1166 ubi
407 1117 463 1191 per
493 1117 607 1169 turnus
628 1098 802 1177 aduenere,
832 1097 882 1163 vix
903 1100 966 1164 ulla
987 1097 1069 1162 acies
1092 1098 1146 1164 oh-

136 1263 139 1272 ,
224 1217 355 1284 stiterit.
386 1216 446 1283 Sed
469 1231 535 1280 tum
561 1212 686 1282 humido
706 1212 777 1306 die,
798 1210 948 1283 &soluto
968 1211 1066 1304 gelu,
1088 1236 1146 1278 ne-

224 1352 285 1423 que
305 1333 413 1416 conti',
431 1349 550 1420 ¹nequu
572 1331 684 1422 gladii,
718 1349 793 1417 quos
812 1328 986 1421 praelongos
1015 1346 1145 1418 utraque

224 1439 319 1514 mann*
337 1463 470 1538 regunt,
492 1437 576 1526 usui,
597 1441 782 1534 lapsantibus
803 1447 904 1535 equis,
929 1444 965 1512 ἁ
983 1445 1146 1534 cataphra-

224 1563 338 1628 nuum
359 1563 513 1650 pondere.
544 1559 580 1626 Id
601 1560 787 1651 principibus
814 1559 1053 1631 &nobilissimo
1080 1562 1146 1628 cui·

224 1701 285 1769 que
308 1663 462 1770 tegmen,
496 1673 604 1741 ferreis
625 1675 771 1758 laminis,
792 1695 853 1743 aut
882 1679 1026 1766 praeduro
1058 1678 1145 1743 corio

223 1811 418 1879 consertum3
438 1809 473 1859 ut
488 1791 636 1858 ‘adversus
656 1787 732 1885 illus
752 1793 1003 1884 impenetrabile,
1023 1793 1068 1858 ita
1082 1795 1144 1858 im·
1233 1860 1234 1869 ,

223 1927 301 2000 petu
331 1901 462 1974 hostium
486 1909 657 2000 provolutis
683 1907 813 1974 inhabile
829 1908 881 1975 ad
904 1909 1142 2001 resurgendum.

223 2025 323 2092 Simul
341 2023 505 2102 altitudine
527 2023 562 2092 dc
576 2024 705 2092 mollitia
719 2025 798 2098 nivis
820 2024 1049 2102 hauriebantur.
1072 2023 1144 2091 Ro-

223 2163 330 2209 manus
352 2141 438 2208 miles
460 2139 544 2209 facili
566 2140 660 2208 lorica
682 2148 796 2230 (150),
818 2139 964 2208 &missili
978 2141 1063 2231 pilo,
1086 2157 1141 2208 aut

223 2257 335 2325 lanceis
355 2257 529 2341 adsultans,
551 2256 600 2323 uhi
623 2279 673 2322 res
686 2273 847 2346 posceret,
867 2257 929 2324 levi
941 2257 1044 2350 gladio
1057 2258 1141 2324 iner-

222 2397 304 2441 mem
320 2373 508 2454 Sarmatam,
531 2382 654 2460 (neque
668 2372 752 2437 enim
766 2371 888 2438 defendi
902 2391 989 2440 scuto
996 2395 1062 2440 mos
1069 2380 1140 2459 est)

222 2489 358 2555 cominus
377 2483 534 2553 fodiebat:
564 2486 663 2551 donec
682 2487 795 2575 pauci,
824 2490 877 2578 qui
898 2491 1012 2579 proelio
1033 2512 1140 2580 super-

220 2597 365 2683 fuerant,
387 2601 543 2690 paludihus
565 2601 775 2670 abderentur.
805 2602 851 2669 lbi
872 2607 989 2672 savina
1012 2605 1140 2686 hiemis,

220 2717 256 2785 dr
272 2717 306 2784 vi
325 2715 482 2783 vulnerum
504 2705 672 2806 absumpti.
695 2715 861 2808 Postquam
883 2721 913 2787 id
926 2719 1040 2788 Romae
1053 2744 1141 2788 corn-

220 2849 364 2924 pertum,
386 2833 438 2898 M.
455 2831 610 2922 Aponius,
626 2833 774 2904 Moesiam
787 2833 945 2920 obtinens,
967 2837 1141 2926 triumpha-

220 2949 242 3013 li
263 2965 361 3014 statua
371 2997 381 3029 ,
404 2941 711 3032 Fulvius'Aurelius,
729 2950 769 3024 dr
781 2950 917 3038 Julianus
932 2949 1086 3036 Tertius,
1102 2975 1141 3020 ac

219 3063 374 3134 Numisius
387 3057 511 3155 Lupus,
533 3067 630 3158 legati
652 3067 835 3159 legionum,
858 3069 1063 3143 consularibus
1083 3069 1140 3134 or-

218 3182 370 3248 hamentis
391 3177 559 3250 donantur:
582 3180 657 3248 laeto
672 3183 821 3266 Othone,
844 3181 1027 3276 &gloriam
1050 3186 1082 3249 in
1104 3205 1139 3249 se

215 3297 381 3378 trahente,
403 3289 562 3384 tamquam
584 3298 627 3373 lsi
642 3305 708 3386 ipse
725 3296 803 3386 filix
817 3300 909 3382 hello,
932 3299 1064 3376 &suin
1082 3298 1140 3366 dus

215 3411 310 3486 tibur.
321 3420 445 3504 suisque
469 3413 653 3485 exercitibus
674 3414 893 3505 rempublicam
916 3419 1071 3483 auxisset.
1114 3470 1136 3478 ..
