2492 3942
238 302 301 365 300
440 268 787 347 HISTORIARUM
807 270 892 345 Llss.
915 270 979 348 IV.

228 449 320 501 ¹rtur.
344 425 500 495 Redditur
520 424 638 495 Tertio
662 425 783 512 iuliano
812 444 968 517 praetura,
999 442 1161 517 postquam

227 546 377 641 cognitus
401 562 449 611 est
470 546 508 611 ad
517 528 741 633 V'espasianutn
750 540 942 635 confugisse·
964 539 1096 633 Gnipho
1109 544 1163 609 ho-

234 662 439 731 normausit.
464 658 582 749 Repeti
606 658 679 725 inde
699 660 910 751 cognitionem
933 658 1021 724 inter
1051 658 1166 727 Muso-

230 782 320 859 nium
343 772 460 845 Rufum
486 776 520 843 dt
543 772 578 841 Ρ.
600 774 752 843 Celerem
773 776 905 866 placuit3
934 776 1164 865 damnatusque

231 894 376 976 Publius,
398 890 433 959 ἀ
455 890 565 959 Sorani
586 893 722 959 monibus
734 888 936 959 satissaiium.
957 888 1097 984 Insignis
1106 916 1165 981 pu-

232 1012 309 1079 blica
332 1010 497 1077 severitate
520 1007 603 1090 dies,
626 1014 667 1074 n'e
689 1008 832 1097 privatim
853 1009 981 1098 quidem
1003 1009 1099 1075 laude
1111 1031 1164 1075 ca·

229 1128 312 1194 ruit:
336 1128 449 1207 justum
473 1124 619 1207 judicium
640 1125 779 1215 explesse
800 1122 967 1190 Musonius
981 1098 1163 1191 uidebatrir.

228 1240 364 1311 Diversa
386 1239 466 1308 famu
487 1240 673 1324 Demetrio,
694 1238 846 1322 Cynicam
866 1240 975 1307 seuam
996 1236 1162 1329 professo,

234 1360 321 1451 qltod
344 1354 540 1425 manifestum
553 1380 640 1425 reum
654 1347 858 1439 ambitiosius,
881 1354 1162 1445 quamhouestius,

226 1472 434 1541 defendisset.
459 1470 520 1561 Ipsi
541 1471 652 1539 Publio
673 1496 777 1563 neque
794 1474 913 1542 animas
934 1476 969 1539 in
991 1472 1160 1562 periculis,

229 1610 331 1677 neque
353 1588 452 1653 oratio
475 1588 700 1675 suppeditavit.
726 1587 823 1681 Signo
850 1589 972 1655 ultiouis
998 1590 1032 1653 in
1060 1611 1162 1654 accu-

229 1722 344 1773 satores
366 1702 459 1784 dat‘o,
481 1702 561 1791 petit
584 1726 601 1769 a
625 1701 753 1772 Caesare
774 1703 880 1791 Juuius
893 1706 1047 1773 Mauricus
1059 1712 1160 1790 (γι),

223 1824 576 1909 &commentariorum
598 1812 823 1909 Principaliurn
848 1839 1030 1910 potestatem
1058 1842 1159 1887 sena-

227 1942 274 2007 tui
293 1936 433 2023 fttccrrt,
453 1953 510 2024 per
534 1960 611 2023 quos
634 1956 789 2019 nosceret,
810 1961 902 2024 quem
923 1943 1052 2025 quisque
1062 1960 1157 2004 accu-

225 2056 354 2122 sandum
369 2057 575 2143 poposcisset.
597 2054 820 2121 consulendum
832 2053 893 2121 cali
900 2071 994 2143 super
1008 2077 1046 2120 re
1059 2058 1157 2121 Prin·

224 2176 342 2261 ciprn,
365 2170 541 2259 respondit.
1077 2174 1083 2179 ’

249 2290 251 2295 ’
290 2286 560 2371 XL1.Senatus,
589 2287 798 2356 inchoantibus
822 2288 1022 2379 primoribus,
1054 2290 1154 2369 jusju-

223 2406 352 2473 randum
374 2404 538 2493 concepit,
559 2426 621 2493 quo
642 2403 789 2473 certatim
810 2426 918 2471 omnes
932 2405 1153 2496 magistratus,

222 2520 340 2600 ceteri,
366 2540 402 2587 ut
425 2522 613 2587 sententiani
642 2520 847 2613 rogabantur,
875 2521 945 2588 deos
973 2539 1065 2587 testes
1094 2521 1152 2585 ad·

222 2634 387 2715 vocabant,
409 2634 489 2703 nibil
509 2652 565 2725 opt
587 2653 643 2703 ster
659 2636 798 2724 fabium,
818 2660 878 2724 quo
897 2639 1085 2722 cujusquam
1100 2660 1151 2702 ra-

220 2750 269 2825 lur
290 2747 473 2833 lederetur,
495 2770 590 2837 neque
617 2775 650 2819 se
675 2756 864 2841 premium,
892 2770 947 2817 aut
974 2750 1151 2837 honorem,

220 2888 257 2933 ert
281 2864 458 2935 calamitate
479 2870 593 2935 ciuium
615 2874 748 2959 cepisse.-
770 2868 919 2958 trepidis,
939 2866 975 2935 dt
987 2868 1083 2934 verba
1099 2872 1148 2951 ju-

219 2980 382 3063 risjurandi
404 2982 580 3071 perpatias
601 3001 685 3051 artes
705 2983 912 3065 mutantibus,
934 2984 1004 3079 quis
1033 2982 1149 3077 flagitii

216 3095 404 3164 conscientia
425 3098 543 3165 inerat.
565 3096 740 3167 Probabrnt
769 3098 953 3193 religionem
982 3106 1059 3186 (72)
1091 3124 1147 3191 pa-

216 3230 299 3297 tres,
322 3214 490 3305 perjurium
511 3216 700 3307 arguebant.
722 3213 831 3305 anue
854 3216 939 3282 velut
961 3236 1094 3284 censura
1115 3220 1148 3283 in

215 3328 405 3399 Sariolenum
436 3332 618 3412 Voculam,
652 3330 687 3398 &
715 3331 852 3401 Nonium
878 3328 1079 3413 Amanum,
1109 3332 1148 3400 bt

217 3440 357 3515 Cestium
383 3446 533 3515 severum
555 3447 706 3515 acerrime
729 3447 886 3530 incubuit,
915 3446 1030 3514 crebris
1060 3448 1144 3539 apud
