2492 3942
236 199 654 317 Hrsroutmtutu
684 242 863 314 uotru.
955 275 1025 328 42,

133 376 251 445 videntur
267 386 343 440 fuisse
362 385 443 455 plures
467 385 492 436 in
511 384 594 438 Africa
613 398 796 453 procuratores,
812 390 934 439 Ernestus
956 385 1021 450 delet

135 478 230 516 nomeu
240 458 354 534 Africo,
373 472 402 510 ut
419 477 433 511 e
447 454 652 532 procuratoribus
669 458 702 508 sit
713 467 876 527 procurater.
902 456 946 512 s'ed
960 458 1020 526 qnid

136 549 205 587 vetat
225 535 325 586 Bebium
344 537 454 584 Massam
480 529 527 582 dici
551 528 788 600 eprocrrratrribur
806 527 903 603 Afticae
926 533 1019 593 fuisse,

136 607 185 659 hoc
203 622 256 672 est,
273 619 355 656 unum
374 621 407 656 ex
426 603 470 670 iis,
488 603 529 669 qui
549 615 719 668 procuratores
743 603 769 653 in
788 602 870 656 Africa
893 602 1019 656 fuerant?

18 742 19 747 ¹
98 677 164 757 (89)
184 675 320 733 Malorum
339 709 349 736 ,
366 691 423 748 quer
441 692 499 728 mou
516 671 649 728 tulimus.
668 674 717 725 Sub
735 675 899 737 Domitiano,
915 678 961 744 qui
979 691 1022 742 per

137 751 240 802 Bebium
259 755 369 802 Massam
395 747 527 798 delatorem
553 747 694 799 clarissimis
719 747 779 800 vitis
803 764 891 799 necem
915 750 1023 802 attulit.

138 823 201 874 Vide
219 821 282 875 Plin.
300 821 383 888 Epist.
406 835 430 878 ς,
452 835 474 878 5.

18 888 21 917 ³
101 892 164 974 (9ο)
183 897 332 966 Antequam
348 889 538 965 digrederetur.
557 893 578 942 A
596 904 682 956 patre,
700 890 872 956 Alexandria,
896 910 970 964 quem
993 910 1024 950 eo

17 980 21 991 ·
141 984 221 1035 usque
239 981 339 1018 securus
356 977 423 1024 etat,
440 963 497 1016 inde
514 963 536 1014 di
555 980 636 1014 tessus
653 967 809 1016 Caesaream.

17 1037 20 1067 ²
102 1040 171 1118 (91)
191 1045 276 1093 Suum
293 1036 388 1108 cuique
404 1036 554 1108 sanguinem
571 1034 756 1090 indiscretum.
782 1041 822 1089 lta
838 1039 1023 1103 conjunctum,

142 1129 172 1167 ut
190 1111 258 1166 nulla
276 1127 301 1162 te
319 1109 411 1161 secerni
435 1126 464 1160 ac
482 1108 604 1162 dissociari
621 1109 725 1161 debeat.

103 1187 166 1262 (92)
184 1188 284 1239 Curam
301 1177 460 1235 restituendi
478 1177 629 1252 Capitolii.
649 1182 831 1245 Vespasianum
850 1181 898 1234 hoc
914 1190 1026 1251 tempore

143 1256 257 1312 nondum
278 1259 370 1306 Romae
389 1251 466 1306 fuisse
483 1254 555 1304 series
573 1266 626 1305 tota
643 1269 724 1306 rerum
740 1253 864 1307 declarat:
890 1269 918 1306 at
935 1273 949 1306 e
965 1262 1043 1310 Suet

142 1332 213 1384 tonio
230 1340 327 1380 cunstat
344 1341 373 1376 eo
389 1339 527 1392 ptaesonte,
545 1325 625 1376 immo
642 1333 666 1377 dr
684 1325 811 1378 ruderibus
825 1329 959 1395 purgandis
972 1345 1026 1382 ma-

143 1418 192 1457 nus
210 1401 378 1461 admovente,
401 1399 544 1450 restitutum
563 1397 733 1463 Capitolium.
758 1403 824 1452 Com
842 1398 917 1468 igitur
934 1400 981 1453 hoc
997 1401 1028 1453 li·

147 1476 191 1528 bro
208 1483 298 1542 quarto
316 1469 456 1536 frequentes
474 1472 525 1522 sint
543 1471 569 1520 in
582 1487 647 1524 mss.
666 1472 885 1539 transpositiones,
903 1481 928 1526 dr
946 1489 1028 1526 vacua

145 1546 204 1600 locis
222 1541 330 1611 pluribus
347 1543 446 1609 spatia,
470 1548 589 1596 Ernestus
614 1545 751 1609 suspicatur
773 1544 845 1610 hec,
868 1546 899 1597 de
916 1545 1029 1598 restituto

144 1615 269 1687 Capitolio
287 1614 363 1668 nimis
380 1617 488 1679 oruata,
513 1613 633 1677 aliunde,
657 1615 776 1684 horest,
799 1635 813 1668 e
830 1616 890 1669 libro
907 1633 1029 1686 sequente

146 1693 198 1744 huc
215 1689 349 1743 translata·

110 1761 178 1840 (93)
200 1764 274 1835 flgiti
284 1757 385 1832 fausta
408 1758 530 1812 nomina.
558 1759 689 1812 Morene
713 1759 801 1828 eligere
824 1761 940 1813 homines
964 1759 1046 1819 bono.

147 1835 271 1893 nomine,
294 1831 338 1898 qui
356 1846 438 1880 return
456 1828 605 1898 agendarum
623 1830 703 1882 initiis
720 1845 850 1896 preessent
867 1844 912 1885 aut
930 1832 1031 1885 interes-

73 1921 77 1934 ·
148 1918 222 1971 sent,
239 1912 263 1955 dr
281 1916 386 1969 quorum
410 1917 423 1951 e
442 1899 546 1952 nomine
563 1902 655 1967 captari
681 1901 751 1954 velut
763 1903 907 1972 ,augurium
931 1903 1032 1972 aliquod

149 1989 231 2046 posset
255 1955 419 2044 prosperititis
436 1981 460 2025 or
478 1973 664 2026 diuturnitatis·
706 1984 713 1999 ‘
1100 1969 1104 1978 '

17 2077 24 2098 r
113 2050 180 2126 (94)
199 2042 332 2101 Felicibur
349 2043 445 2098 ramis·
463 2049 506 2098 Ex
521 2047 600 2098 arbore
619 2044 701 2106 felici,
720 2047 737 2097 i.
755 2064 778 2098 e.
796 2047 844 2099 diis
861 2062 933 2117 grata
950 2049 1031 2101 decer-

152 2121 218 2192 ptis,
237 2132 297 2187 puta
315 2119 403 2182 lauru,
420 2116 475 2170 olea
495 2125 542 2170 dre.

114 2194 180 2270 (95)
199 2189 307 2260 Viuite
318 2185 440 2260 fontibus
456 2186 645 2262 amnibusque.
665 2190 748 2260 Vulgo
762 2191 832 2246 riuis
848 2186 883 2251 Θ
890 2189 1032 2266 fhrrtibur.

121 2271 124 2278 ’
152 2267 267 2319 Correxit
284 2264 309 2329 J.
329 2262 472 2314 Gronovius
502 2281 515 2314 e
539 2265 623 2316 codice
641 2265 706 2316 Flor·
725 2274 749 2317 or
767 2264 836 2317 favet
854 2266 980 2333 Regius,
1006 2269 1033 2318 in

151 2357 202 2406 quo
219 2336 305 2406 legitur
321 2349 431 2400 corrupte
448 2335 590 2408 aquatrrrir
608 2354 623 2388 e
633 2332 774 2408 fimtibur·
801 2339 833 2387 ln
850 2355 875 2388 re
894 2338 970 2391 simili
989 2339 1032 2390 Li-

153 2413 213 2465 vius
235 2429 258 2472 r,
275 2423 306 2468 45
327 2406 409 2473 dixit,
426 2407 493 2477 quin
511 2419 543 2460 tu
559 2421 627 2462 ante
644 2408 705 2461 vivo
719 2405 884 2480 perfunderis
893 2409 1032 2478 flumine.

122 2484 185 2560 (9⁶)
202 2489 267 2557 lpse,
283 2499 296 2533 r
312 2476 456 2550 majoribus
474 2479 544 2533 tuis.
563 2485 619 2533 Hos
635 2496 689 2543 est,
707 2481 739 2532 ad
757 2483 902 2547 exemplum
911 2484 1033 2543 majorum

155 2571 280 2610 suorum.
300 2552 396 2607 Hortis
414 2589 421 2604 .
441 2591 448 2605 .
468 2591 475 2606 .
493 2569 575 2625 quam
591 2553 674 2607 tocius
686 2549 827 2622 jadiabat·
847 2555 1035 2616 Hellenismus',

156 2643 200 2696 pro
216 2625 314 2680 bostem
331 2643 356 2677 se
369 2623 474 2698 posius,
491 2641 571 2696 quam
587 2626 702 2680 socium.
726 2627 765 2678 Sic
785 2626 927 2696 Virgilius,
949 2627 1034 2682 sensit

156 2697 251 2755 medior
267 2694 385 2765 delapsus
404 2696 433 2749 in
451 2693 550 2749 hostes·
630 2713 635 2723 ·

115 2773 182 2846 ¹(97)
200 2768 381 2826 Pertinaciam
397 2766 581 2824 accenderent.
607 2773 649 2823 lta
667 2771 732 2823 Flor-
749 2772 848 2840 Regius
873 2782 897 2826 dr
921 2773 1036 2838 Rycrio

158 2861 223 2905 nus,
241 2841 324 2910 quod,
350 2855 377 2892 ut
402 2841 501 2894 mollius
525 2843 633 2910 vulgato
653 2842 799 2914 pertinacia
820 2843 1037 2907 accenderentur,

158 2923 265 2972 Ernesto
283 2927 424 2979 receptum.

125 2987 191 3066 (98)
209 2995 294 3042 Extra
310 2995 486 3047 conventum,
509 2984 563 3039 scil.
581 2988 697 3040 socialem
721 3004 825 3050 eorum,
848 2990 892 3057 qui
914 3005 986 3042 arma
1009 2989 1055 3046 ir,

160 3065 293 3112 Romanos
311 3059 466 3124 junxerant,
482 3054 612 3112 diximus.
632 3064 708 3125 Supra
728 3061 769 3113 18.

124 3129 186 3208 (99)
204 3127 326 3203 lnfraiia
343 3124 461 3182 tributa·
487 3131 568 3184 Galba
584 3132 736 3196 quibusdam
757 3131 902 3186 civitatibus
924 3146 1039 3201 quartam

161 3204 307 3256 tributurum
326 3215 423 3270 partem
440 3201 580 3254 remiserat·

126 3275 256 3352 (roo)1n
274 3286 314 3330 tot
333 3269 413 3329 malit
431 3269 557 3335 bostium,
575 3286 605 3328 ul
617 3274 719 3347 finem.
737 3279 800 3329 Hoec
818 3275 1040 3344 meritodisplicent

162 3348 268 3416 Lipsio,
284 3347 327 3416 qui
350 3347 483 3415 legendum
501 3361 608 3412 censet,
634 3350 674 3401 vel
694 3358 800 3420 portum
822 3357 846 3402 dr
865 3347 949 3420 finem
966 3337 1047 3411 ,vei

161 3418 327 3482 honestam,
351 3430 382 3471 ut
400 3415 504 3492 finem.
530 3420 677 3475 Gronovius
700 3419 805 3476 observ.
833 3439 907 3541 714
933 3420 1061 3478 malebat-

204 3507 418 3569 C.Tac.T.IV.
695 3501 755 3568 Dd
791 3517 795 3533 '
