2492 3942
209 289 269 348 m
489 257 543 328 IN
572 253 794 328 LIBRUM
814 255 859 324 ll.

240 411 294 474 Jrc.
312 399 481 461 Gronovius,
497 413 542 464 pro
558 397 665 466 vulgato
679 395 803 471 inruper-
820 399 896 450 Porro
911 411 994 450 neves
1009 397 1132 450 dicamur

239 474 309 544 dirigi
326 485 399 546 ruprr
414 469 535 532 enutrit,
554 483 584 522 ut
602 485 667 523 stare
684 470 712 522 in
729 470 847 524 ancoris.

204 546 267 620 (μ)
287 543 416 600 Scandere
428 539 515 618 piros·
534 543 592 597 Pori
610 555 669 596 sunt
686 542 819 606 tabulato,
835 559 893 609 que
913 542 960 595 iter
977 555 1023 611 per
1035 560 1135 597 navem

241 619 412 672 incedentibus
430 615 552 684 prebent·

204 691 267 766 (μ)
285 686 410 762 Abruptis
427 705 483 761 que
500 695 651 758 repererant
668 685 800 742 navibus.
818 689 904 756 vulgo
926 683 1136 761 rupeficmntr

242 762 355 818 mutavit
374 761 493 826 Ryckius
510 777 543 812 ex
562 761 627 816 Flot·
644 761 671 812 in
687 777 739 829 quo
757 773 802 829 pto
817 756 938 832 abruptir
957 761 1071 812 scribitur
1088 779 1136 814 ar·

241 835 344 908 ruptis,
367 833 434 886 unde
453 829 560 901 proclive
576 847 613 885 est
630 834 712 902 legere
728 834 856 906 arreptis,
874 833 922 885 ie.
940 834 1034 898 raptim
1053 833 1135 885 abdu-

240 909 287 962 r‘iir
305 907 413 960 neribus
431 923 488 975 que
505 903 537 958 eb
554 905 668 958 hostibus
683 921 763 972 cepte
786 919 835 958 aut
851 921 941 959 merso
965 921 1020 958 non
1043 919 1133 958 erent.

242 988 296 1052 Jtc.
315 979 475 1032 Gronovius·
1092 997 1096 1002 ·
1121 1045 1124 1049 ‚

208 1051 272 1124 (ιι)
288 1047 505 1124 absentiumque
521 1049 624 1106 meritis
642 1049 717 1104 reric.
735 1048 1135 1114 Guelferbytanuscotexneui.

242 1127 324 1178 tiones
344 1123 455 1176 beroaldi
472 1155 481 1185 ,
499 1121 630 1176 Puteolani
647 1131 695 1176 dcc.
712 1121 807 1175 babent
822 1121 937 1177 moribus
954 1123 1031 1185 ruis,
1049 1131 1076 1175 dr
1093 1123 1134 1175 ita

242 1197 377 1266 legendum
395 1209 481 1250 censet
498 1195 659 1260 Gronovius,
682 1208 713 1247 ut
735 1195 793 1256 sir,
815 1196 859 1260 qui
884 1212 938 1248 non
962 1197 1070 1249 miurus
1095 1195 1132 1246 ad

244 1270 395 1338 imperium,
413 1267 462 1320 nisi
479 1266 616 1336 legatorum
634 1277 659 1320 er
675 1269 767 1321 ducum
786 1267 813 1318 bi
834 1286 916 1320 nrorrs·
933 1267 1058 1328 fuissent,
1077 1262 1133 1318 nisi

242 1359 321 1406 euru,
338 1341 378 1396 cui
397 1339 474 1394 melos
491 1355 572 1392 moros
588 1349 613 1394 dr
631 1339 818 1408 improbitatem
834 1357 911 1394 suane
929 1341 1055 1409 imputare
1072 1357 1134 1409 pus·

242 1427 316 1466 sent.
686 1447 694 1462 .
755 1447 758 1454 .

209 1484 270 1558 (ιι)
288 1490 400 1538 Securus
418 1494 473 1555 oper
491 1484 663 1558 concupiscere
681 1500 794 1539 vacuum
802 1483 882 1556 fuit.
907 1486 949 1538 Ab
972 1499 1081 1539 externa
1107 1488 1135 1539 vi

241 1555 326 1610 otiosis
343 1555 448 1610 liberum
465 1555 513 1608 fuit
530 1556 562 1607 de
579 1573 611 1610 au
629 1558 696 1610 endo
713 1559 825 1625 potentia
843 1559 966 1627 cogitare.

208 1627 273 1704 (55)
289 1633 355 1683 Non
371 1625 411 1684 ad
423 1639 554 1702 pugnarn,
570 1645 598 1682 se
632 1626 673 1684 ad
684 1625 834 1684 bllantum
847 1628 972 1702 prffrtli.
991 1629 1136 1684 Ibanrnnn

243 1702 317 1772 quasi
334 1701 366 1754 cd
383 1701 507 1758 incertum
525 1713 672 1764 ccrtrmrn,
696 1703 739 1756 sed
757 1715 788 1753 ut
804 1702 881 1755 finem
900 1703 1044 1771 imposituri
1070 1706 1135 1756 bello

243 1793 297 1828 una
315 1773 430 1828 vidiotia·
448 1774 554 1828 Gentius
571 1772 718 1844 corrigitad
729 1770 928 1830 debellandum.
948 1777 1134 1830 SednLivius

243 1865 276 1902 eo
291 1865 367 1900 sensu
387 1846 491 1900 verbum
511 1842 608 1902 bellare
628 1848 778 1914 usurparit.

208 1918 271 1992 (ro)
289 1917 355 1974 lnde
442 1918 590 1974 distanter.
608 1919 647 1971 Ab
664 1935 698 1971 eo
712 1915 830 1973 videlicet
846 1922 915 1988 luco,
932 1923 961 1974 in
979 1940 1034 1990 quo
1051 1937 1136 1977 castrn

245 1991 399 2060 habuerant,
416 1993 508 2060 quippe
526 2005 579 2044 eret
596 1991 628 2044 ad
645 2005 766 2059 quartum
784 2011 801 2045 a
818 1994 932 2047 Bebriaco
950 1994 1077 2061 lapidem.

210 2063 275 2138 (57)
296 2061 530 2127 Nonadmicrurc,
545 2081 595 2136 quo
611 2062 952 2138 minurnmdgrederetur.
970 2068 1021 2135 Qui
1038 2085 1134 2134 nequa·

245 2155 323 2208 quant
341 2138 516 2190 commissurus
533 2149 616 2197 esset,
637 2149 666 2186 ut
684 2153 736 2190 non
752 2139 944 2207 adgrederetur.

210 2207 272 2292 (ιδ)
293 2206 513 2270 Adcurrentr'um,
532 2207 728 2262 vanitantium.
752 2210 919 2265 Adcurtentes
941 2214 1136 2267 circumsistunt

245 2297 335 2351 signa,
352 2282 492 2336 vocitantes
508 2295 640 2346 querunt·
663 2280 703 2334 sic
725 2283 824 2334 editum
848 2301 862 2336 r
887 2287 1028 2347 coniectura
1045 2289 1134 2340 Pi'che-

246 2371 303 2406 naee
323 2371 382 2406 nam
402 2355 493 2421 peiores
510 2352 585 2414 editi,
603 2367 632 2404 ut
650 2356 788 2407 &codices
807 2372 850 2422 pto
867 2358 1070 2422 vanitantium,
1088 2361 1131 2412 alii

245 2422 442 2492 clamantium,
460 2427 502 2479 alii
521 2423 832 2552 volantiumpraeferunt.
853 2432 975 2494 Ryck‘rus
993 2452 1009 2483 e
1026 2449 1075 2484 suo
1090 2450 1133 2484 cm

245 2497 299 2550 dice
316 2500 384 2552 dedit
399 2497 616 2561 adcurrcnrium,
640 2514 673 2551 ve
685 2497 879 2572 nuntiumque·
904 2505 951 2555 Sed
968 2503 1134 2561 adcurrentes

247 2567 373 2624 uolitaret
391 2587 478 2624 monet
495 2579 520 2642 J.
538 2570 711 2632 Gronovius,
731 2573 775 2640 qui
798 2582 823 2626 te
841 2574 893 2639 ipse
916 2581 1055 2643 suspicatur
1079 2595 1134 2632 rno-
1213 2606 1214 2613 ι

245 2639 383 2694 rontium.
404 2643 474 2696 tnta
492 2661 533 2708 pro
550 2640 595 2698 vel
609 2639 814 2707 concedebantur,
839 2647 905 2700 Fine.
926 2650 1009 2702 scribit
1026 2660 1078 2704 aut
1097 2669 1135 2704 re-

247 2707 415 2776 lebebantur,
433 2716 548 2784 Regius,
564 2727 614 2772 aut
631 2711 798 2772 releventur.
825 2719 887 2771 Inde
911 2721 1026 2775 Pichenae
1050 2711 1136 2789 plice-

245 2799 302 2847 tet,
319 2795 370 2837 aut
387 2781 585 2842 relabebantur·
601 2813 607 2838 :
797 2809 800 2814 ·

210 2855 276 2936 (5⁹)
295 2861 441 2912 Ncrcrntts
460 2859 531 2913 inter
545 2879 590 2928 sc,
606 2861 699 2915 ceteris
714 2862 860 2936 conspicui.
874 2866 972 2934 Regius
987 2876 1013 2922 oe
1031 2868 1135 2920 Buden·

246 2931 278 2985 sis
295 2929 407 2982 scribunt
424 2933 520 3000 ceteri,
538 2933 584 2985 hoc
602 2950 696 2995 sensu,
718 2936 761 2988 alii
786 2953 813 2989 se
837 2935 945 2990 invicem
969 2940 1136 3003 noscebant,

244 3004 307 3067 atii,
322 3001 379 3056 licet
397 3003 460 3058 inter
476 3023 503 3060 se
521 3005 616 3074 ignoti,
633 3006 695 3074 quin
712 3024 762 3059 rent
781 3009 808 3059 in
825 3011 904 3061 oculis
920 3012 1039 3065 omnium
1064 3031 1136 3082 gere-

245 3078 323 3144 bant,
340 3094 371 3128 eu
389 3077 534 3147 pugnabant
551 3079 649 3140 actius,
667 3081 734 3148 quod
742 3080 789 3133 hac
796 3096 883 3150 pugna
899 3082 930 3135 de
947 3096 1002 3136 toto
1019 3085 1135 3140 bellede·

243 3165 338 3201 cretum
358 3148 384 3200 iri
400 3149 554 3204 sentiebant·
1054 3164 1056 3170 ’

209 3219 272 3292 (⁶0)
290 3222 597 3278 Unaetvr'crcimancrum
611 3222 765 3297 principiir·
783 3230 833 3286 Eos
841 3225 954 3297 intellige
972 3230 1020 3297 qui
1039 3231 1068 3283 in
1087 3233 1135 3299 pri.

243 3311 284 3345 rna
302 3292 355 3346 acie
373 3297 490 3358 stabant,
507 3313 569 3361 quos
587 3297 722 3363 Ann.e,2
743 3311 816 3350 vocat
832 3298 963 3381 principia
981 3299 1133 3375 legionum.

209 3359 274 3432 (⁶1)
293 3363 404 3436 Impulit
420 3385 527 3428 curcur,
545 3367 593 3418 ie.
611 3368 739 3433 vicissim,
757 3385 828 3423 versa
846 3388 920 3435 vrce,
937 3390 991 3426 non
1009 3393 1073 3430 vero
1091 3375 1134 3430 ite·

241 3447 313 3484 rum.
