2492 3942
203 283 269 333 soe
406 247 757 322 HISTORMRUM
779 250 864 320 LIB.
889 247 947 319 111.

200 409 296 476 etiarn
315 399 501 494 perfidiam,
523 399 736 480 objellabant.
783 399 918 469 Obstitit
942 395 1130 479 Antonius,

200 523 340 610 detisque
365 514 592 598 defensoribus,
612 516 652 584 ad
668 516 894 607 Vespasianum
915 515 1048 584 dimisit.

260 633 404 704 XXXII.
430 630 521 702 Plebs
543 631 670 702 iuterim
691 629 950 703 Cremonensium
973 634 1059 698 inter
1080 653 1134 696 ar·

202 773 302 826 matos
322 747 568 818 conflictabatur:
592 770 652 816 ncc
660 749 767 839 procul
782 747 870 816 caede
885 751 1038 828 aberant,
1057 766 1133 812 cum

203 870 343 966 precibus
363 866 476 934 ducum
499 865 659 958 mitigatus
681 881 729 932 est
753 865 857 931 miles.
880 863 923 932 Et
940 882 1070 930 vocatos
1092 861 1132 928 ad

204 987 384 1056 concionem
409 978 568 1050 Antonius
588 981 782 1071 adloquitur,
804 978 967 1073 magnifice
990 977 1135 1060 nidores,

170 1135 173 1142 ⁴
205 1101 299 1172 vidos
319 1100 519 1168 clementer:
557 1097 596 1166 dc
618 1095 777 1166 Cremona
798 1097 831 1162 in
854 1111 1000 1163 neutrum
1023 1103 1130 1184 (σι).
1215 1100 1216 1177 j

206 1217 391 1298 Exercitus,
414 1232 531 1306 praeter
552 1215 673 1280 insitam
687 1213 846 1304 predandi
857 1213 1057 1303 cupidinem,
1078 1233 1131 1276 se-

207 1356 276 1404 rere
298 1333 368 1400 odio
390 1331 427 1398 nd
450 1329 603 1398 excidium
625 1327 881 1400 Cremonensium
902 1329 1060 1396 incubuit.¹
1084 1325 1135 1413 Ju-

207 1453 285 1520 visse
309 1465 413 1537 partes
422 1445 628 1527 Vitellianas,
651 1443 788 1517 Othonis
800 1445 1043 1539 quoquebelln,
1066 1464 1137 1526 cre-⁸

208 1567 375 1638 debentur:
392 1579 463 1626 mox
478 1560 768 1646 tertiadecimanos,
784 1561 1049 1631 aderstruendum
1063 1581 1137 1626 om-

209 1679 421 1776 phitheetrum
444 1675 584 1759 refluos,
607 1695 643 1744 ut
664 1696 734 1744 sunt
757 1681 896 1769 procacia
917 1676 1037 1742 urbanae
1058 1675 1135 1764 ple·
1216 1684 1217 1721 l

210 1799 255 1866 bis
275 1795 427 1888 ingenite,
457 1793 664 1883 petulantibus
684 1795 792 1886 jurgiis
812 1795 1000 1862 inluserunt.
1032 1787 1141 1856 Auxit

210 1913 355 1982 invidiam
376 1910 495 1979 editum
517 1911 620 1981 illico
643 1906 771 1978 Caecina
793 1911 998 2002 gladiatorum
1019 1905 1143 1998 speda-
1217 1950 1218 2009 3

210 2031 341 2110 culum,
365 2027 535 2118 eademque
555 2047 659 2094 rursus
679 2025 751 2092 belli
775 2029 880 2114 sedes3
901 2021 936 2093 ἀ
959 2023 1084 2115 praebiti
1106 2024 1139 2088 in
1217 2018 1218 2023 ’

210 2148 277 2219 acle
292 2144 473 2217 Vitellianis
495 2144 572 2229 cibi;
594 2161 685 2209 caesae
706 2142 846 2234 quandam
869 2140 1020 2224 feminae,
1038 2140 1142 2207 studio

212 2266 345 2356 partium
359 2262 396 2330 ad
411 2261 556 2351 proelium
573 2279 758 2350 progressae:
781 2262 904 2349 tempus
918 2279 1042 2348 quoque
1058 2278 1141 2322 mer·

213 2381 320 2460 cutis,
342 2378 440 2443 ditem
463 2376 600 2464 alioquin
623 2375 797 2458 coloniam,
819 2378 936 2457 majore
952 2397 1048 2463 opum
1071 2395 1142 2462 spe-

213 2499 263 2562 cie
283 2491 475 2580 complebat.
497 2490 611 2558 Ceteri
636 2491 730 2557 duces
750 2492 784 2556 in
797 2491 940 2566 obscuro:
962 2487 1142 2558 Antonium

212 2607 338 2676 fortuna
361 2601 501 2693 famaque
523 2605 660 2672 omniurn
683 2608 779 2677 oculis
801 2606 986 2698 exposuerat
1004 2632 1013 2673 :
1043 2607 1070 2670 is
1092 2607 1144 2670 bn·

217 2725 328 2804 lineas,
359 2719 511 2786 abluendo
533 2723 663 2804 cruori,
692 2746 825 2813 propere
847 2723 928 2812 petit
943 2741 970 2788 .·
998 2720 1144 2812 Excepta

215 2861 275 2908 vox
297 2855 363 2919 cst,
387 2857 459 2902 cum
482 2853 622 2930 teporem
645 2839 799 2906 incusaret
813 2844 903 2928 (⁶3);
924 2845 1035 2908 statim
1049 2839 1144 2925 furu-

216 2975 306 3037 rum,
328 2971 363 3022 ur
384 2951 614 3022 increscerent.
646 2953 781 3024 Vernile
802 2955 917 3023 didinm
946 2977 1073 3022 omnem
1095 2955 1145 3027 in-

214 3069 329 3143 sidiam
351 3070 384 3135 in
399 3089 471 3134 eum
493 3071 609 3153 vertit,
631 3089 795 3159 tamquam
817 3075 938 3160 signaon
952 3067 1159 3140 incendenda·

216 3193 374 3254 Cremonae
395 3184 548 3268 dedisset,
568 3207 640 3275 quae
660 3189 722 3269 jam
744 3187 911 3282 flagrabat.

274 3297 435 3370 XXXIII.
458 3298 675 3393 Quadraginta
691 3293 885 3372 xarmatorum
899 3302 996 3370 millia
1018 3304 1147 3394 inrupe.

217 3439 271 3501 re,
299 3417 441 3488 calonum
465 3417 655 3510 lixarumque
684 3421 816 3510 amplior
839 3409 1013 3504 numerus,
1048 3418 1084 3488 dc
1113 3422 1147 3486 in
