2492 3942
198 273 914 359 AN.U.C.DCCCXXII.AER.CHR.69.
974 311 1015 366 ⁴9

97 453 232 517 quorum
256 428 334 496 bello
355 428 453 494 solum
474 429 509 492 id
527 434 640 508 scires,
661 431 844 497 deteriorem
848 431 940 518 fore,
962 437 1017 518 qui

95 550 247 614 vicisset.
270 541 388 625 Erant,
411 544 463 630 qui
485 543 727 634 Vespasianum,
747 543 783 612 dr
803 568 888 613 arma
900 547 1018 613 Orien-

96 661 141 726 tis
165 673 412 750 augurarentur:
445 656 500 738 dt,
523 676 557 723 ut
582 660 686 748 potior
706 677 838 751 utroque
854 663 1019 752 Vespasia·

95 797 177 857 nus,
200 775 243 840 ita
259 773 370 840 bellurn
392 775 495 855 aliud,
518 791 613 864 atque
627 774 699 842 alias
720 777 822 844 clades
834 777 1017 845 horrebant.

93 890 142 956 Et
164 891 304 980 ambigua
326 890 365 956 de
380 890 572 979 Vespasiano
593 888 699 957 sarna:
721 893 860 984 solusque
879 893 1017 962 omnium

93 1026 170 1074 ante
191 1027 223 1071 se
238 1005 415 1096 Principum
438 1005 468 1072 in
484 1005 593 1072 melius
615 1023 752 1074 mutatus
772 1027 835 1076 est.

118 1244 215 1308 Initia
235 1259 394 1324 crureque
423 1256 521 1306 morus
542 1239 722 1306 Vitelliani.
752 1243 783 1306 A
802 1245 994 1308 Germanicis

172 1353 353 1422 exercitibus
365 1356 503 1422 Vitellius
518 1363 694 1442 Imperator
706 1357 936 1425 consolaretur.

211 1474 290 1555 Ejus
304 1475 365 1536 iter
384 1475 416 1536 in
429 1469 557 1536 ltaliam
572 1474 669 1536 inerti
681 1473 757 1540 luxu
771 1471 898 1560 lffpro-
1003 1505 1008 1512 ·

229 1588 306 1673 digis
319 1587 418 1673 epulis
427 1587 559 1673 foedum.
573 1587 655 1654 Belli
669 1589 775 1670 daces,
790 1587 876 1656 Alie-

289 1725 347 1768 nus
361 1707 479 1771 cecina
502 1701 546 1777 is»
562 1702 677 1768 Fabius
690 1706 818 1771 Valens.

133 1932 201 2001 ·LI.
224 1931 317 1999 Nunc
343 1934 432 2000 initia
454 1954 614 2022 causasque
643 1952 745 2001 motus
767 1935 942 2004 Vitelliani
956 1958 1012 2004 ex-

87 2050 233 2141 pediam.
263 2043 358 2113 caeso
380 2068 451 2112 cum
475 2045 610 2112 omnibus
631 2049 726 2133 copiis
747 2049 832 2134 Julio
851 2051 1013 2134 Vindice,
1085 2087 1090 2091 ·

87 2163 180 2234 ferox
201 2161 306 2252 praeda
330 2161 491 2253 gloriaque
512 2162 697 2241 exercitus,
725 2179 761 2225 ut
782 2163 849 2243 cui,
877 2165 943 2227 sine
963 2166 1008 2230 la·

88 2282 164 2348 bore
186 2301 223 2346 ac
247 2278 404 2369 periculo,
435 2275 572 2344 ditissimi
595 2274 668 2340 belli
689 2274 813 2343 vilioria
835 2276 1012 2360 evenisset,

88 2395 319 2486 expeditionem
349 2392 530 2475 tractem,
557 2391 686 2481 praemia
707 2399 814 2479 (100)
842 2413 933 2481 quam
957 2395 1013 2461 sti·

88 2511 202 2602 pendia
224 2511 375 2578 malebat:
399 2511 511 2598 diuque
533 2504 747 2574 inlruduosam
761 2507 940 2599 &asperam
951 2512 1012 2576 mi-

88 2627 189 2692 litiam
210 2627 414 2708 toleraverat,
443 2625 568 2717 ingenio
590 2624 652 2690 loci
673 2624 801 2715 caelique
822 2635 952 2714 (ror),
973 2626 1010 2698 ac

89 2742 255 2810 severitate
284 2743 476 2832 disciplinae3
507 2761 597 2829 quam
628 2741 659 2805 in
689 2761 765 2829 pace
793 2742 1009 2810 inexorabilem

89 2855 247 2924 discordiae
269 2858 383 2924 civium
405 2856 596 2940 resolvunt,
625 2849 741 2945 pararis
763 2857 917 2946 utrimque
937 2880 1008 2926 cor-

89 2973 283 3064 ruptoribus,
305 2971 472 3062 &perfidia
496 2971 660 3060 impunita.
683 2972 775 3053 Viri,
800 2995 903 3054 arma,
919 2975 1009 3063 equi,
1070 3000 1074 3004 ·

90 3087 126 3154 ad
149 3110 253 3170 usum,
275 3087 309 3170 dc
330 3090 367 3155 ad
389 3089 499 3170 decus,
521 3104 718 3178 supererant.
761 3086 822 3154 Sed
843 3106 918 3156 ante
942 3090 1009 3156 bel·

91 3201 180 3285 lum,
209 3205 363 3272 centurias
385 3220 506 3271 tantum
535 3224 600 3268 suas
629 3220 805 3293 turmasque
832 3221 1008 3272 noverant:

91 3318 240 3384 exercitus
262 3319 368 3386 finibus
389 3318 611 3409 provinciarum
632 3318 898 3386 discernebantur.
922 3315 1008 3384 Tum

91 3433 231 3500 adversus
250 3434 417 3503 Vindicem
446 3433 612 3502 contradat:
645 3435 817 3523 legiones,
851 3453 944 3521 seque
970 3433 1007 3498 δε

146 3555 371 3618 C.Tac.T.lll.
680 3546 715 3610 D
883 3543 888 3550 ’
