2492 3942
171 211 887 346 nuunueccxxumucuu.⁶9.
945 267 983 323 ⁴⁷

73 386 180 455 Galbae
204 385 339 452 amicitia
369 387 399 448 in
421 385 583 476 abruptum
606 383 736 468 tractus,
758 384 879 466 audax,
900 388 986 454 calli-

71 502 149 583 dus„
172 517 353 592 promptus,
371 497 430 580 ἀ,
452 479 543 589 prout
558 501 693 566 animum
704 501 900 583 intendisset,
915 525 987 590 pra·

72 639 145 698 vus,
167 633 220 682 aut
235 615 408 696 industrius,
430 615 539 682 eadem
561 618 607 682 vi.
631 613 868 684 Testamentum
876 614 918 682 T.
927 616 987 688 Vi·

72 734 115 798 nii
138 733 346 824 magnitudine
377 754 470 820 opum
503 731 648 798 inritum:
674 730 790 813 Pisonis
815 749 989 823 supremam

72 847 262 914 voluntatem
283 865 451 937 paupertas
472 846 621 916 firmavit.
652 885 657 895 ι

126 961 251 1031 XLIX.
274 962 385 1030 Golbae
406 987 536 1052 corpus,
558 964 608 1030 diu
625 963 816 1054 negleiium,
840 964 874 1033 ἀ
890 966 986 1032 licen·

73 1079 114 1146 tia
135 1081 332 1162 ¹tenebrarum
354 1080 494 1168 plurimis
513 1080 650 1146 ludibriis
673 1098 835 1164 venatum,
863 1083 986 1170 dupon-

72 1211 152 1260 sator
175 1202 244 1286 (98)
267 1194 402 1286 Argius,
424 1196 599 1286 aptioribus
620 1197 735 1278 servis,
757 1197 865 1262 humili
886 1199 988 1286 sepui-

72 1328 140 1382 tuta
160 1313 193 1390 in
213 1311 340 1402 priuatis
368 1316 432 1397 ejus
458 1312 556 1388 hortis
584 1312 751 1380 contexit.
782 1312 912 1402 Caput,
934 1335 989 1402 per

72 1427 148 1492 lixas
165 1428 356 1518 ¹calonesque·
370 1427 523 1510 suffixum,
546 1429 795 1518 laceratumque,
825 1445 900 1496 ante
927 1427 995 1513 Paf-

11 1537 13 1544 '
72 1541 165 1610 trubii
187 1544 339 1622 tumulum
362 1545 511 1632 (libertus
533 1545 557 1610 is
582 1545 714 1614 Neronis
735 1544 989 1635 punitusaGal·

71 1658 106 1724 ba
128 1653 249 1746 fuerat)
284 1679 406 1749 postera
428 1661 552 1732 demum
581 1661 631 1728 die
653 1679 834 1751 repertum,
863 1661 897 1728 &
920 1683 989 1728 tre-

70 1791 155 1844 mato
175 1779 237 1856 jam
260 1777 383 1865 corpori
404 1777 574 1845 admixtum
596 1795 659 1844 est.
683 1777 780 1845 Hunc
795 1778 914 1844 exittun
936 1777 990 1842 ha-

70 1893 134 1958 buit
161 1891 230 1956 Ser.
238 1889 356 1972 Galba,
379 1892 472 1956 tribus
494 1892 529 1960 &
552 1894 747 1984 septuaginta
769 1894 876 1976 annis,
898 1893 988 1982 quin-

69 2029 129 2096 que
153 2001 312 2092 Principes
334 2025 478 2092 prospera
501 2001 625 2075 fortuna
646 2029 806 2088 emensus,
833 2007 868 2074 &
889 2009 990 2081 alieno

71 2118 205 2212 imperio
223 2115 366 2201 ¹felicior,
386 2138 484 2206 quam-
500 2140 571 2184 sun.
593 2120 698 2188 Vetus
718 2123 751 2183 in
772 2117 884 2195 familia
909 2122 992 2187 nobi·

71 2238 162 2318 litas,
184 2256 306 2326 magnae
328 2256 417 2324 opes:
447 2233 505 2324 ipsi
527 2233 663 2300 medium
691 2234 870 2324 ingenium,
899 2235 996 2327 magis

75 2371 165 2418 extra
189 2351 282 2433 vitia,
305 2372 487 2441 quamtum
512 2349 699 2418 virtutibus.
726 2350 833 2417 Fano
861 2371 919 2418 nee
945 2353 995 2419 iu·

72 2470 224 2551 curiosus,
246 2490 303 2534 nec
328 2467 521 2534 venditator.
553 2465 700 2535 Pecuniae
721 2467 831 2535 alienae
854 2492 915 2539 non
937 2490 992 2556 ap·
1093 2463 1099 2472 ’

72 2601 202 2674 petens,
224 2605 285 2648 suae
307 2606 439 2672 parcus,¹
456 2582 584 2674 pubiicae
606 2605 728 2650 avarus.
752 2579 931 2654 Amiconuu
953 2583 992 2649 li-

73 2699 312 2791 bertorumque,
335 2701 385 2774 ubi
407 2701 438 2764 in
468 2702 561 2766 bonos
590 2701 762 2782 incidisset,
789 2702 854 2770 siue
883 2723 995 2792 repre·

75 2814 221 2888 hannone
242 2816 379 2904 patiens:
402 2816 426 2888 si
447 2816 521 2884 mali
541 2812 667 2899 forent,
697 2837 790 2906 usque
812 2818 851 2886 ad
871 2819 996 2907 culpam

74 2930 197 3021 ignarus
219 2937 308 3017 (99).
330 2931 390 3002 sea
413 2932 534 2998 claritas
557 2932 723 3014 natalium,
746 2929 897 3006 &metus
911 2951 993 3004 tem-

77 3067 188 3134 porum
209 3047 369 3129 obtentui,
392 3065 452 3130 ut,
475 3049 555 3138 quod
577 3048 708 3140 segnitia
731 3065 826 3132 erat,
846 3049 995 3140 ¹sapientia

76 3160 367 3254 astanetum-Dum
390 3163 511 3255 vigebat
535 3181 630 3246 aetas,
651 3164 779 3230 militati
800 3165 891 3234 laude
912 3165 992 3254 apud

75 3272 262 3346 Germanias
290 3279 420 3352 floruit:
454 3245 614 3369 proconil
637 3274 779 3350 Africam
808 3282 995 3348 annotate:

77 3392 142 3472 jam
165 3394 282 3478 senior,
304 3390 484 3502 citeriorem
497 3393 681 3486 Hispaniam
697 3397 767 3489 pari
788 3397 903 3476 institia
918 3418 993 3460 con-
