2492 3942
232 303 289 360 rto
429 278 778 353 HISTORIARUM
798 281 884 352 Lus.
905 281 967 352 111.

227 443 403 526 sonituque,
426 433 468 512 ly
495 431 570 500 nube
599 436 667 519 ipso
696 438 834 522 operient
863 458 901 502 oe
930 427 1158 523 superfundent

106 583 110 592 ·
227 555 338 626 oblitos
357 551 537 642 proliorum
559 551 676 636 equites
696 569 864 637 equosque.
888 552 968 616 Nisi
997 552 1069 634 quis
1103 572 1160 617 res

227 677 326 753 tinet,
348 671 427 738 ilem
448 687 559 733 suasor
580 663 747 752 nullosque
768 667 893 734 consilii
912 671 960 753 (ς)
980 687 1050 733 ero.
1071 671 1160 748 Vos,

229 785 336 878 quibus
351 783 481 872 fortuna
504 787 536 848 in
557 785 679 869 integro
700 799 746 849 est
765 789 834 869 (4),
862 782 989 871 legiones
1014 787 1161 848 coutine-

230 921 283 985 te,
307 897 384 966 mibi
406 899 555 988 expedite
578 895 714 966 colossas
735 896 901 984 sufficient.
916 898 997 986 Jnm
1026 917 1157 966 resera·

230 1038 297 1086 tem
319 1015 443 1082 Ioniam
465 1017 534 1102 (5),
556 1015 709 1104 impulsas
730 1013 848 1080 Vitellii
863 1035 917 1079 res
930 1011 1085 1079 nudetis:
1101 1019 1158 1100 ju-

230 1133 319 1203 vabis
340 1133 445 1219 sequi,
466 1129 510 1206 li·
530 1133 673 1220 vestigiis
693 1133 846 1197 oineeoris
868 1131 1031 1196 insistere.

289 1246 350 1316 111.
374 1245 458 1314 Haec
479 1244 515 1312 dc
539 1245 634 1330 tolia,
656 1247 791 1338 flagrans
811 1242 929 1326 oeulis,
951 1245 1034 1311 troci
1055 1267 1154 1328 soce,

232 1387 294 1458 quo
317 1364 409 1432 latius
430 1361 609 1442 audiretur,
632 1361 769 1449 (etenim
783 1357 1159 1452 secenturiones&qui-

231 1483 302 1548 &m
332 1478 465 1544 militum
498 1477 626 1543 consilio
652 1479 858 1574 mirquerant)
887 1476 934 1542 ito
959 1475 1092 1560 effudit,
1122 1496 1160 1546 ut

149 1649 152 1655 .
233 1611 338 1662 cautos
360 1611 482 1684 quoque
503 1613 539 1657 ac
562 1593 705 1682 providos
735 1597 952 1684 permoveret3
982 1593 1094 1683 vulgos
1123 1593 1161 1662 dt

232 1711 350 1793 ueteri,
375 1728 468 1774 unum
490 1711 595 1776 virm
618 1709 800 1798 ducemque,
821 1725 926 1799 spreta
942 1707 1078 1776 ullorum
1102 1733 1163 1776 se·

229 1830 351 1919 guisio,
375 1823 509 1892 laudibus
531 1821 670 1891 ferrent.
692 1823 790 1892 Hanc
811 1826 858 1892 sni
881 1822 988 1890 famam
1017 1845 1056 1892 ea
1089 1842 1160 1892 sta·

233 1941 291 2008 tim
320 1939 469 2009 concione
499 1957 726 2023 commoverat,
756 1963 833 2031 qua,
866 1941 1001 2006 recitatis
1028 1940 1162 2034 Vespa·

233 2057 309 2124 sioni
331 2057 487 2149 epistolis,
509 2081 589 2141 non,
612 2074 648 2124 ut
673 2056 833 2146 plerique,
853 2057 973 2124 ineerta
994 2032 1159 2142 disseruit,

234 2175 294 2244 bue
318 2175 394 2242 illue
408 2155 560 2242 treliurus
573 2174 867 2264 interpretationem
880 2180 950 2262 (o),
973 2192 1068 2265 prone
1081 2199 1157 2243 con·

233 2293 388 2380 duxisset3
401 2307 511 2382 aperte
525 2291 715 2360 descendisse
728 2290 760 2355 in
774 2311 894 2356 causam
909 2289 1089 2360 videbatur:
1104 2314 1158 2360 eo·

232 2429 294 2499 que
317 2407 437 2501 gratior
459 2405 604 2475 militibus
626 2421 714 2487 erat,
735 2407 837 2498 culpae
851 2409 901 2474 sel
915 2405 1028 2498 gloriae
1041 2409 1159 2477 socios.

379 2637 546 2714 Proximo,
556 2637 689 2706 Cornelii
700 2642 815 2715 ,Fusci
824 2639 1011 2709 euterun.

289 2863 352 2936 lv.
377 2863 520 2933 Proxima
541 2867 686 2938 Cornelii
708 2870 799 2939 Fusci
824 2874 1034 2965 procuratoris
1055 2871 1160 2940 aueo·

234 2981 325 3048 ritas.
349 2977 382 3047 Is
404 3005 525 3074 quoque
553 2987 761 3055 inclementer
792 2990 840 3055 in
858 2987 1025 3060 Vitellium
1055 2987 1161 3056 invehi

234 3097 358 3180 solitus,
381 3099 456 3167 nibil
480 3101 544 3190 spei
566 3101 620 3167 sibi
642 3103 727 3170 inter
747 3104 874 3171 adverse
895 3103 1086 3195 reliquerat.
1116 3101 1159 3170 T.

233 3210 370 3302 Ampius
399 3215 579 3300 Flauianus,
610 3238 720 3286 natura
748 3243 785 3287 ac
813 3220 935 3288 senelia
963 3219 1128 3288 enodator
1151 3269 1163 3301 ,

235 3329 420 3420 suspiciones
451 3332 595 3424 militum·
615 3335 783 3420 inritabat,
811 3352 968 3428 tamquam
996 3333 1166 3405 adfinitatis

236 3465 307 3516 mm
326 3447 462 3517 Vitellio
480 3449 689 3516 meminisset:
711 3451 873 3542 idemque,
896 3452 997 3543 qood,
1015 3467 1162 3542 coeptan·
