2492 3942
262 265 677 344 nistortmnum
706 226 885 343 sotio.
969 299 1030 356 ω,

79 390 81 392 Ὺ
108 409 175 490 (tr)
195 407 253 470 Hic
269 414 510 470 eoiroscoemonae.
529 417 568 468 Sic
585 405 680 468 habent
688 408 801 484 Regius,
819 413 990 479 Rycltianus,
1007 421 1053 470 &²

146 484 220 540 editio
238 489 332 556 prima;
351 497 375 541 or
393 487 428 539 sic
446 507 504 540 cum
521 495 626 542 Ernesto
650 488 786 540 edidimus.
810 484 895 554 Aliqui
920 487 1031 550 habent,

144 557 185 615 bic
201 559 288 614 exitus
305 565 458 615 Cremonam
475 557 583 614 babuit.
611 567 704 615 Vocem
725 560 836 612 ultimam
861 571 913 611 non
939 576 1030 628 agnos-

145 649 209 686 cunt
226 634 291 686 Flor.
310 643 333 686 or
353 629 488 686 Budensis·
507 633 586 685 Iidem
602 633 698 686 codices
714 632 780 683 iniia
805 643 849 698 pro
873 634 1029 685 Cremonen-

98 731 104 742 ·
146 723 182 758 ser
200 700 312 790 captivos
329 704 441 758 scribunt
458 709 655 760 Cremonensem
671 704 824 776 captivum,
848 717 875 755 ut
899 713 923 757 ot
941 703 1028 758 muni-
1098 727 1103 741 ·

135 777 249 850 ficentra
267 795 309 846 pro
327 775 540 850 magnificentiae
565 791 619 844 quae
638 791 724 830 tamen
750 793 801 828 vox
820 776 910 828 ultima
929 792 1027 828 utcum.

101 861 105 866 ·
143 865 192 918 que
211 849 264 902 ferri
283 863 352 920 posse
377 845 476 903 videtur
498 856 628 914 Ernesto,
652 850 674 901 sl
699 845 852 917 intelligatur
875 846 1026 918 magnitudo

142 923 239 986 animi,
251 941 314 992 quae
338 922 366 972 in
385 921 560 975 munificentia
571 919 691 976 'niaxime
708 921 833 974 cernitur.

19 995 20 1000 ’
101 989 168 1064 (68)
183 990 267 1066 'Curis
285 989 376 1049 luxum
392 987 562 1049 obtendebat.
587 997 682 1048 Curam
706 1006 850 1059 metumque
873 991 937 1049 luxu
954 993 1024 1046 dissi·

19 1062 22 1074 '
142 1064 268 1119 ululabat.
998 1104 1000 1109 -

19 1201 20 1206 η
100 1135 165 1210 (⁶9)
182 1139 329 1214 Cornporira
345 1134 537 1211 indignatione·
565 1139 652 1194 Verbis
669 1133 821 1208 elegantibus
837 1137 871 1188 rei
888 1136 1024 1206 indignitas·
1110 1200 1113 1205 Ι

19 1223 20 1228 ’
140 1224 191 1264 tem
209 1224 404 1281 exaggerantes·
422 1207 505 1264 Velut
526 1225 570 1286 pro
586 1208 696 1266 Vitellio
711 1221 912 1282 conquerentes.
937 1211 1022 1276 Specie

136 1285 344 1352 conquerentium
364 1296 406 1358 pro
425 1283 543 1346 Vitellio,
561 1279 646 1336 odium
664 1293 688 1337 ἁ
707 1286 770 1337 iram
790 1285 911 1350 propriam
931 1284 1023 1336 inCae·

136 1355 238 1417 cinam,
256 1357 287 1408 ob
304 1353 360 1419 ejus
376 1357 538 1421 rapacitatem
558 1351 580 1408 δ’(
601 1357 792 1424 impotentiam,
806 1352 984 1429 profitebatur.

96 1427 165 1502 (ro)
185 1433 345 1500 Numquam
362 1440 468 1482 antea·
488 1467 495 1482 .
516 1467 523 1482 .
541 1425 628 1484 alium
645 1423 800 1503 offiium·
818 1434 962 1494 Numquam
980 1444 1020 1487 ac·

19 1501 22 1508 '
138 1499 244 1563 cidisse,
263 1515 291 1552 ut
308 1499 396 1566 aliquis
413 1503 564 1554 sufficeretur
582 1503 679 1554 consuli
697 1501 814 1562 viventi,
838 1495 886 1552 nisi
911 1503 932 1554 is
949 1500 1019 1552 abro-

134 1586 217 1646 gasset
235 1571 429 1642 magistratum,
446 1589 524 1643 eaque
542 1574 571 1625 de
588 1589 612 1628 re
630 1574 680 1628 lara
699 1576 739 1627 lex
757 1587 837 1627 esset·

18 1703 21 1711 ¹
96 1645 149 1720 (71
179 1643 371 1714 JuniiBlaeri·
391 1645 432 1696 De
449 1665 500 1714 quo
519 1647 575 1700 vide
594 1649 665 1700 Hist.
684 1658 764 1706 2,59.
835 1712 838 1718 .

96 1723 145 1792 (72
183 1714 376 1790 commonit.
392 1718 600 1779 Perturbatlonis‚
622 1715 844 1776 consternationlsr
869 1732 922 1784 quo
939 1732 1015 1768 sensu

134 1807 208 1845 voces
225 1787 338 1862 confusio
355 1797 378 1840 dt
395 1785 553 1861 confundere
569 1802 706 1842 sumuntur
722 1787 789 1856 epud
813 1789 877 1840 Piin.
895 1787 975 1852 Epist.
990 1808 1016 1850 r,

18 1867 21 1896 l
132 1877 165 1910 22
197 1871 220 1912 ὰ
241 1877 267 1922 3,
287 1876 328 1912 ro.
1010 1912 1013 1922 Ι

92 1889 262 2008 (mi-irim
286 1931 461 2005 impmatoria.
486 1933 558 1985 Pater
581 1931 657 1996 hujus
682 1933 813 1996 imperator
836 1948 852 1983 a
878 1929 1018 2005 legionibus

92 2037 96 2044 ·
130 2003 255 2059 salutatur
273 2005 340 2070 Anu·
361 2023 387 2066 3,
405 2019 450 2065 749
467 2005 509 2056 sed
527 2003 605 2069 prisco
628 2015 685 2073 erga
708 2004 782 2056 duces
806 2003 922 2056 honoret
950 2003 1018 2056 unde

90 2093 95 2103 ·
130 2073 186 2130 haec
205 2075 321 2130 uidentur
339 2076 365 2127 in
384 2077 468 2140 majus
486 2070 588 2138 extolli,
607 2075 656 2130 nisi
674 2075 694 2128 si
711 2073 804 2144 Junius
822 2068 864 2128 hic
882 2075 1017 2128 ottaviam

19 2161 20 2184 ³
93 2167 97 2174 ·
131 2147 238 2219 Augusti
263 2162 393 2215 sororem,
418 2155 441 2202 or
466 2148 608 2201 Antonium
627 2151 692 2201 inter
717 2149 822 2212 majores
845 2164 904 2200 suos
924 2146 1016 2199 hume·

131 2223 218 2276 rabat.
826 2258 830 2267 .

92 2293 158 2368 (74)
178 2291 329 2348 Amicorum
346 2291 567 2366 inimicorumque
584 2312 603 2347 rr
629 2292 725 2368 ligent.
744 2293 842 2344 Amicos
860 2300 884 2345 ee
902 2291 1016 2351 inimicos

131 2385 183 2420 non
201 2368 355 2420 discernens·
381 2365 451 2420 Infra
465 2365 587 2440 principis
602 2310 700 2422 Zborer
707 2366 815 2434 intellige
828 2365 962 2418 adversam
972 2382 1016 2418 va-

127 2437 283 2500 lerudinem,
301 2439 431 2494 morbum.
572 2477 575 2486 .

19 2537 20 2542 ¹
94 2512 159 2585 (75)
177 2508 277 2566 Nobili
287 2512 403 2584 gotidii,
422 2513 439 2564 i.
446 2531 468 2565 e.
475 2512 622 2579 eminente,
640 2509 789 2565 manifesto.
803 2509 1015 2578 Lipsltu&Faer·

92 2597 95 2604 ⁴
128 2600 177 2638 nus
194 2581 440 2640 mallentnorobili.

88 2652 153 2727 (7⁶)
172 2656 273 2710 Parum
291 2655 349 2728 effu
363 2670 438 2720 erat,
455 2673 490 2712 rre
506 2653 601 2731 dignor
617 2653 780 2711 crederetur.
807 2657 847 2709 ira
873 2652 941 2709 Flor.
967 2668 1014 2708 nec

125 2729 200 2797 longe
217 2726 270 2778 abit
288 2677 398 2796 Regius,
416 2730 442 2782 in
461 2745 511 2799 quo
534 2731 652 2782 mendose
676 2729 790 2783 scribitur
812 2737 845 2782 ut
868 2725 1013 2803 effugerat.

127 2799 272 2853 Rhenanus
290 2800 374 2863 dedit,
391 2802 457 2856 adeo
475 2841 482 2854 .
502 2839 509 2856 .
529 2841 537 2855 .
556 2821 607 2856 non
625 2813 760 2876 apperens,
785 2813 818 2856 ut
833 2814 927 2876 porum
944 2798 1014 2874 effu-

120 2885 190 2944 geret
207 2865 263 2930 &a
283 2872 327 2924 Sed
345 2889 408 2924 num
428 2874 503 2942 quis,
521 2875 689 2942 principatum
707 2890 759 2926 non
777 2874 937 2941 appetendo,
953 2891 1014 2925 con-

123 2945 253 3013 sequitur,
270 2955 298 2995 ur
316 2941 409 3013 dignus
427 2943 569 3014 principatu
588 2948 718 3000 videatur?
737 2945 970 3034 Itaqueleiiionem
988 2953 1013 3000 ᾱ

124 3016 308 3068 distinbiionem
328 3017 419 3069 codicis
437 3019 503 3071 Flor.
522 3035 580 3070 cum
599 3024 705 3072 Ernesto
722 3033 861 3088 sequimur.

91 3085 157 3161 (77)
176 3097 214 3143 Er
232 3088 335 3144 ruentis
346 3086 466 3162 fortune
481 3089 627 3144 novissimo
643 3087 752 3145 libido.
776 3094 811 3142 Er
835 3088 958 3154 cupiditas
981 3103 1013 3142 eo

123 3161 282 3230 flagrantior,
298 3163 364 3230 quod
382 3161 475 3216 ruentis
493 3160 598 3214 fortunae
605 3165 771 3215 mutationem
787 3160 953 3227 praevidebat·
969 3165 1013 3212 ln·
1065 3209 1068 3212 .

126 3232 164 3284 fra
183 3250 226 3300 pro
240 3245 326 3307 parvo
344 3249 443 3299 roano,
462 3233 592 3288 mallemus
610 3252 669 3287 cum
677 3239 788 3288 Ernesto
803 3245 888 3306 parua
900 3247 1011 3285 martur.

86 3301 152 3378 (78)
171 3304 254 3380 Apud
267 3303 361 3362 avidos
376 3302 562 3376 periculorum·
587 3301 645 3360 vox'
670 3304 762 3361 auidos
786 3304 875 3356 merito
898 3304 1013 3370 suspecta

122 3381 221 3430 Faerno
238 3379 385 3434 emendanti
402 3375 474 3450 apud
483 3374 593 3452 pavidae
607 3375 795 3452 periculorum:
814 3376 886 3447 idque
902 3391 941 3428 ree
959 3377 1012 3444 ipsa

121 3450 246 3518 postulat.

625 3529 681 3598 Cc
706 3556 720 3609 3
