2492 3942
238 327 298 376 rac
369 286 373 294 ⁸
444 295 791 368 HISTORIARUM
811 296 898 368 LIB.
920 295 963 366 11.

230 445 491 532 onouvicesima,
511 449 562 516 cui
583 458 758 541 cognomen
772 451 907 534 Rapaci,
931 461 1041 512 vetere
1064 446 1170 538 gloria

88 647 93 654 .
229 564 375 658 insignis:
398 585 417 630 e
441 581 531 656 parte
547 561 704 647 Othonis,
725 564 824 656 prima
840 560 1008 645 Adiutrix,
1028 583 1100 634 aon
1114 585 1169 628 an-

234 699 270 750 te
292 683 325 748 io
347 681 445 748 aciem
467 679 613 762 dedum,
635 681 689 748 scd
703 677 812 758 ferox,
833 676 868 746 ἀ
882 679 954 746 novi
967 677 1167 744 docorisavi-

230 799 273 881 ¹da
295 845 304 862 .
340 793 475 862 Primani
498 843 510 878 ,
545 797 648 864 stratis
670 793 1018 864 unoetvicesimonorum
1046 794 1166 883 princi-

235 913 294 1006 piis
319 918 408 1001 (⁶0),
430 913 563 1002 aquilam
585 911 754 982 abstulere:
776 933 838 1001 quo
849 910 959 976 dolore
971 930 1105 976 accensa
1118 911 1165 979 ic·
1211 918 1212 923 ’

234 1029 309 1122 gio,
332 1025 505 1118 &impulit
521 1049 621 1094 rursus
638 1036 709 1115 (σι)
723 1027 897 1118 primanos,
916 1020 1086 1092 interfecto
1093 1024 1164 1100 ¹Or-

236 1141 340 1236 phitio
364 1142 506 1238 Benigno
528 1144 655 1236 iegato,
675 1141 712 1210 ἀ
732 1143 864 1234 plurima
883 1141 972 1234 signa
987 1140 1165 1232 vexillaque

235 1281 276 1328 cx
300 1259 432 1326 hostibus
455 1261 575 1350 rapuit.
600 1259 633 1326 A
654 1276 744 1350 porto
766 1258 845 1340 alia,
872 1257 1017 1350 propulsa
1039 1258 1163 1346 quinta-

230 1397 348 1462 norum
371 1377 490 1466 impetu
512 1375 725 1444 territtdecima
745 1374 844 1466 legio:
866 1374 1072 1441 circumventi
1094 1374 1163 1462 piu-

235 1490 317 1558 rium
339 1510 465 1556 accursu
489 1491 766 1578 quartadecimani.
794 1489 840 1558 Et
870 1489 996 1558 ducibus
1025 1488 1164 1556 Othonis

237 1607 300 1686 jam
323 1604 441 1694 pridem
472 1601 629 1697 profugis,
657 1604 787 1674 Caecina
813 1629 851 1674 ac
879 1607 997 1676 Valens
1025 1605 1164 1672 subsidiis

231 1718 494 1796 auosfirmabant.
519 1717 663 1790 Accessit
675 1745 783 1790 recens
796 1722 959 1802 auxilium,
980 1721 1084 1790 Varus
1099 1719 1164 1788 At-

237 1835 357 1927 phenus
371 1855 440 1902 cum
457 1837 597 1922 Batavis,
619 1835 683 1906 fusa
697 1838 903 1930 gladiatorum
917 1859 1025 1917 manu,
1046 1857 1163 1925 quam,

236 1951 362 2020 navibus
384 1953 606 2038 trancredum,
629 1953 781 2046 oppositae
802 1954 945 2023 cohortes
965 1953 998 2020 in
1020 1951 1087 2043 ipso
1102 1953 1162 2020 flu-

236 2066 321 2134 mine
344 2069 591 2141 trucidaverant.
614 2068 665 2140 Ita
688 2069 814 2140 victores
841 2071 921 2138 latus
950 2069 1085 2136 hostium
1111 2071 1160 2136 in·

237 2181 331 2254 vetii.

253 2411 498 2488 Othonianorum
514 2417 610 2506 suga,
633 2419 678 2496 is·
696 2421 848 2490 aduersus
869 2419 956 2488 doru
976 2441 1050 2486 suos
1076 2422 1145 2486 ira.

295 2644 425 2717 XLIV.
446 2645 497 2714 Et
512 2648 611 2714 media
633 2650 699 2717 acie
718 2669 887 2744 perrupta,
910 2631 1021 2744 fugere
1051 2651 1159 2741 passim

233 2759 430 2846 Othoniani,
450 2761 630 2832 Bebriacurn
655 2785 814 2857 petentes.
838 2767 1029 2836 Immensum
1042 2769 1072 2833 id
1091 2791 1160 2857 spa·

237 2881 315 2944 tium
345 2884 438 2966 (oa):.
463 2879 622 2948 obstruoae
656 2902 763 2975 strage
792 2905 957 2974 corporum
988 2883 1062 2951 viae:
1095 2904 1158 2973 quo

235 2994 305 3084 plus
324 2991 511 3064 cadissuit:
535 3019 635 3090 neque
656 3001 759 3082 cuim,
779 3000 917 3068 ciuilibus
938 2998 1045 3082 bellis,
1075 2999 1160 3089 capti

235 3109 268 3176 in
290 3110 424 3199 prodam
448 3131 631 3182 vertuntur.
653 3115 817 3184 Suetonius
836 3114 1016 3199 Faustinus,
1038 3115 1074 3182 &
1103 3114 1159 3182 Li·

235 3223 330 3292 cinius
351 3225 516 3312 Proculus,
537 3229 661 3298 diversis
675 3215 976 3316 itineribusjcastra
1002 3232 1157 3299 vitavere.

235 3339 372 3412 Vedium
385 3341 564 3434 ‘Aquilium
586 3348 820 3416 tertiadecima
843 3347 974 3441 legionis
995 3347 1151 3439 legatum,

235 3457 290 3522 irae
312 3449 444 3528 militum
465 3460 654 3532 inconsultus
676 3487 773 3556 pavor
794 3465 924 3532 obtulit.
955 3462 1067 3532 Multo
1096 3463 1150 3530 ad·
