2492 3942
230 229 292 280 140
431 196 778 274 HlSTORIARUM
798 197 885 271 Lm
908 195 952 270 11.

225 355 297 422 ullis
320 368 478 421 tantorum
500 351 664 420 criminum
685 351 912 442 probationibus
933 355 965 416 in
987 349 1165 440 perniten-

225 471 302 540 tiam
318 489 438 551 versus,
461 489 559 551 seram
566 468 687 536 veniam
701 485 772 558 post
778 467 877 536 scelus
889 465 1046 559 querebat
1052 474 1142 554 (⁹3)
1152 513 1166 532 .

225 583 433 656 Condantem
455 605 548 676 super
569 599 656 650 tanta
668 605 704 650 re
725 582 864 653 Flavium
873 583 1036 665 Sabinum,
1049 579 1163 649 Tria·

223 701 291 784 ria,
312 697 353 766 L.
367 699 492 770 Vitellii
507 721 601 783 uxor,
624 700 707 765 ultra
728 695 872 766 feminam
883 697 990 780 ferox,
1011 699 1161 780 terruit,

226 839 265 886 ste
274 815 409 904 periculo
415 817 569 902 Principis
578 815 700 904 famam
715 815 883 884 clementie
889 815 1056 904 adftfflcret
1063 820 1101 902 (9
1107 821 1160 904 4).
1190 846 1193 847 ⁷

227 928 369 1011 Sabinus,
395 947 503 1022 suopte
525 929 650 1022 ingenio
665 931 766 1012 mitis,
789 931 839 996 ubi
859 928 991 998 formido
1003 930 1158 996 incessis·

229 1063 296 1128 set,
318 1041 415 1112 facilis
437 1063 577 1129 mutatu,
598 1044 634 1115 &
654 1047 687 1112 in
702 1045 803 1114 alieno
823 1046 999 1114 discrimine
1019 1044 1080 1110 sibi
1091 1068 1158 1136 pa·

241 1183 334 1243 vens,
356 1183 396 1228 nc
418 1161 572 1232 adlevasse
595 1161 771 1244 videretur,
791 1160 915 1253 impulit
935 1176 1098 1228 ruentem.

287 1272 415 1348 LXIV.
448 1273 552 1369 Igitur
574 1276 747 1361 Vitellius,
779 1276 922 1346 metu&
939 1278 1035 1362 odio,
1062 1277 1157 1366 quod

229 1393 430 1474 Petroniam,
451 1415 577 1460 uxorem
599 1397 682 1475 ejus,
709 1415 781 1460 mox
792 1392 964 1482 'Dolabella
985 1395 1016 1459 in
1037 1393 1154 1459 matri·

156 1580 161 1590 ,
230 1509 368 1576 monium
394 1510 578 1598 accepisset,
606 1526 750 1578 vocatum
772 1531 829 1598 per
850 1511 1011 1599 epistolas,
1042 1513 1157 1575 vitata

225 1621 391 1698 ‚Flaminio
399 1621 1156 1714 viaecelebritaere,deomerelnteramnium(o5),

231 1755 322 1824 arque
351 1737 395 1806 ibi
415 1736 551 1821 interfici
572 1741 686 1821 jussit.
716 1737 865 1834 Longum
887 1735 1075 1808 interfectori
1102 1742 1154 1832 vi-

231 1853 370 1924 sumsin
392 1853 504 1920 itinere
525 1876 561 1921 ac
584 1855 711 1921 taberna
732 1857 899 1945 projeclum
920 1854 1002 1922 humi
1023 1855 1153 1946 jugula-
1226 1882 1228 1921 l

232 1967 295 2037 uit:
311 1962 428 2062 ¹ma'gna
449 1991 520 2038 cum
539 1969 652 2038 invidia
673 1972 744 2039 noui
765 1973 972 2063 principatis,
993 1969 1150 2055 cujasboc

231 2084 363 2178 primum
384 2087 538 2177 specimen
560 2087 758 2154 noscebatur.
779 2087 824 2157 Er
836 2085 968 2156 Triariae
988 2087 1150 2156 licentiam

132 2259 135 2286 ,
231 2203 402 2270 modestum
423 2224 441 2268 e
463 2204 602 2294 proximo
624 2194 798 2293 exemplum
819 2206 989 2285 onerabat,
1017 2203 1151 2272 Galeria

230 2317 430 2408 Imperatoris
452 2341 552 2400 uxor,
581 2343 643 2384 non
664 2319 802 2386 immixta
826 2319 961 2386 tristibus
981 2325 1083 2410 (9⁶)t
1111 2317 1149 2386 δε
1226 2332 1228 2479 p

231 2435 298 2525 pari
322 2433 493 2523 probitate,
522 2449 622 2499 mater
647 2418 867 2517 Vitelliorum,
888 2435 1036 2518 Sextilia,
1064 2434 1150 2506 auti-

230 2547 285 2636 qui
305 2547 413 2614 moris.
452 2543 575 2612 Dixisse
597 2549 669 2636 quin
691 2550 805 2634 etlam,
832 2553 871 2620 ad
892 2540 1005 2640 primas
1026 2549 1081 2618 filii
1102 2551 1151 2618 sui

203 2678 205 2682 ·
231 2660 391 2749 epistolas,
426 2655 607 2751 serebatur,
644 2686 704 2733 non
724 2671 939 2735 Germanicum
966 2688 1069 2750 ase,
1095 2668 1153 2733 sed

231 2777 383 2872 Vitellium
401 2777 556 2864 genitum.
596 2775 664 2847 Nec
693 2781 763 2848 ullis
784 2799 890 2870 postea
911 2779 1045 2850 fortunae
1066 2782 1149 2848 inle-

232 2891 327 2960 cebris
334 2938 344 2973 ,
366 2907 418 2958 aut
432 2891 547 2960 ambitu
567 2893 718 2978 civitam,
746 2897 937 2989 lugendium
951 2896 1148 2988 cuidam),
1226 2894 1227 2929 ¹

118 3043 121 3052 ·
231 3006 337 3090 domus
358 3027 421 3076 suae
442 3001 563 3079 tantuin
585 3011 710 3081 adversa
731 3012 839 3082 sensit.
1226 3090 1227 3169 p

1226 2046 1228 2085 l
