2492 3942
256 297 294 367 5'2
465 273 813 346 HlSTORlARUM
846 275 931 346 Llss.
954 278 980 345 1.

251 447 324 503 cora
346 437 497 515 juventa,
535 450 667 518 corpore
688 430 823 521 ingens,
853 428 946 493 animi
974 429 1184 514 immodicus,

249 552 332 618 s'cito
357 553 617 632 sermonc(108),
640 543 743 610 eredo
763 543 898 624 incessu,
920 544 1020 610 studia
1042 545 1184 614 militum

249 667 427 735 inlexerat.
451 659 549 726 Hunc
566 663 709 740 juvenem
724 657 842 739 Galba,
862 676 1048 748 questorem
1065 662 1095 725 in
1104 661 1183 728 Ban-

251 784 336 862 ti'ca,
358 778 491 869 impigre
516 777 548 842 in
571 795 674 865 partes
694 796 761 842 suas
782 792 1024 867 transgressum,
1058 776 1182 868 legioni

252 893 449 990 praeposuitr
487 915 557 958 mox
579 909 799 981 compertum,
837 891 986 979 publicam
1015 893 1180 982 pecuniam

253 1011 419 1089 avertisse,
450 1027 486 1074 ut
509 1010 718 1098 peculatorem
742 1007 877 1098 flagitari
899 1007 1009 1087 jussit.
1045 1004 1179 1075 Caecina

256 1149 341 1220 egre
364 1147 484 1215 passus,
521 1124 652 1190 miscere
685 1121 815 1204 cunta,
852 1120 886 1189 ἀ
909 1123 1027 1212 privata
1050 1123 1179 1191 vulnera

254 1244 430 1334 reipublice
454 1241 540 1306 malis
566 1239 689 1329 operire
710 1239 842 1305 statuit.
887 1233 956 1306 Nec
985 1238 1113 1305 deerant
1142 1241 1178 1306 in

253 1359 394 1428 exercitu
418 1357 535 1426 semina
554 1355 736 1436 discordiae,
763 1354 844 1443 quod
865 1352 901 1419 lit
923 1354 1005 1419 bello
1033 1356 1178 1422 adversus

254 1474 421 1544 Vindicem
443 1471 597 1537 universus
618 1467 778 1552 adfuerat,
810 1492 887 1551 nec,
909 1470 965 1534 nisi
986 1471 1086 1555 occiso
1108 1470 1177 1540 Ne.

255 1611 349 1670 rone,
385 1587 551 1652 translatus
571 1591 602 1652 in
626 1587 775 1667 Galbam,
811 1602 904 1675 atque
927 1587 958 1650 in
980 1607 1019 1652 eo
1040 1587 1105 1675 ipso
1127 1610 1177 1653 sa-

254 1719 414 1772 cramento
445 1700 562 1767 vexillis
597 1697 749 1768 inferioris
777 1701 956 1768 Germaniae
998 1721 1176 1792 praeventus

254 1838 341 1888 erat.
378 1817 421 1884 Et
436 1813 570 1884 Treveri
591 1839 627 1884 ac
644 1798 821 1910 Lingones,
847 1839 982 1908 quasque
1002 1818 1075 1884 alias
1097 1820 1175 1884 civi.

255 1953 336 2002 tates
357 1933 506 2000 atrocibus
527 1933 650 2016 cuiuis,
674 1951 729 2000 aut
741 1935 852 2001 damno
867 1933 972 2001 finium
986 1933 1086 2000 Galba
1100 1957 1174 2025 per-

254 2054 394 2132 tulerat,
418 2050 548 2116 hibernis
569 2051 724 2142 legionum
746 2049 870 2140 propius
891 2053 1073 2118 miscentur.
1097 2045 1173 2118 Un-

206 2204 211 2216 ·
253 2169 293 2236 'de
316 2167 456 2235 seditiosa
478 2167 657 2256 colloquia,
679 2166 715 2234 bt
739 2169 822 2233 inter
843 2187 975 2258 paganos
996 2169 1173 2259 corruptior

253 2285 361 2367 miles,
382 2281 418 2350 cit
441 2284 473 2364 in
489 2283 676 2374 Verginium
700 2279 805 2363 favor,
829 2282 1011 2372 cuicumque
1031 2284 1084 2349 alii
1098 2307 1173 2374 pro.

253 2398 390 2466 futurum

253 2551 256 2561 ·
311 2512 404 2581 LIV.
427 2511 563 2577 Miserat
585 2512 694 2579 civitas
716 2511 922 2607 Lingonum,
952 2531 1060 2593 vetere
1084 2518 1172 2582 insti-

252 2645 325 2693 tuto
333 2677 342 2709 ,
357 2627 435 2693 dona
445 2627 634 2719 legionibus,
645 2629 786 2712 dextras,
801 2630 922 2721 hospitii
935 2631 1171 2723 insigne(109).

253 2738 371 2835 Legati
391 2763 515 2824 eorum,
538 2744 568 2808 ln
592 2745 766 2834 squalorem
788 2748 1029 2836 maestitiamque
1042 2772 1172 2838 compo-

253 2859 324 2941 siti,
345 2879 401 2948 per
423 2859 590 2948 principia,
612 2882 670 2951 per
683 2863 900 2946 contubernia,
922 2865 1013 2928 modo
1033 2869 1172 2930 suarin-

247 2979 377 3062 jurias,
399 2974 490 3042 modo
511 2979 674 3045 clvlrarum
688 2983 866 3045 vicinarum
876 2985 1029 3067 premia,
1051 2977 1107 3062 tc,
1122 2981 1172 3045 nbi

253 3091 355 3184 pronis
363 3090 494 3167 militum
505 3093 623 3176 auribus
635 3094 878 3184 accipiebantur,
900 3099 1004 3185 ipsius
1014 3094 1172 3162 exercitiis

248 3206 386 3295 pericula
407 3205 450 3282 lar
474 3211 668 3277 contumelias
689 3228 938 3299 conquerentes,
963 3210 1171 3278 accendebant

251 3323 383 3388 animos.
408 3321 474 3392 Nec
497 3325 602 3414 procul
626 3325 777 3391 seditione
798 3326 949 3409 aberant,
985 3332 1056 3394 cum
1080 3325 1173 3391 Hor-

249 3437 378 3526 deonius
395 3437 520 3510 Flaccus
542 3439 627 3508 abire
648 3443 788 3528 legatos,
821 3459 918 3530 utque
946 3441 1098 3509 occultior
1121 3443 1170 3507 di-
