2492 3942
247 305 288 356 o
445 233 794 354 rusrourauunr
823 285 906 353 ura.
929 282 955 352 1.

244 427 339 518 quaeri
361 430 545 518 apparebat.
568 431 630 498 Sed
638 433 760 499 Othoni
773 436 908 500 nondum
930 432 1090 502 audoritas
1113 434 1170 502 in-

244 562 311 612 erat
332 544 371 610 ad
393 545 611 634 prohibendum
640 549 737 614 scelus
749 574 759 635 3
791 551 896 630 jubere
923 554 984 631 jam
1013 567 1167 640 poterat.

243 656 311 741 lta,
334 659 526 728 simulatione
554 663 636 745 irae,
664 668 781 733 vinciri
809 668 938 748 jussum,
969 663 1003 732 ἀ
1026 673 1168 754 majores

240 791 347 863 penas
378 776 523 844 daturum
551 777 738 863 adfirmans,
775 782 922 871 prasenti
955 781 1053 849 exitio
1090 783 1167 848 sub-

245 905 356 958 traxit.

271 1124 380 1188 omnia
402 1122 534 1198 militum
555 1125 690 1196 arbitrio
712 1147 861 1218 aguntur.
890 1132 991 1198 Varia
1010 1129 1123 1198 cades.

323 1350 445 1424 XLVI.
468 1354 583 1422 Omnia
614 1357 728 1426 deinde
760 1361 887 1428 arbitrio
914 1363 1048 1428 militum
1076 1361 1164 1430 abia.

242 1465 388 1537 Praetorii
411 1466 569 1556 praefestos
599 1473 653 1540 sibi
686 1477 744 1564 ipsi
774 1479 902 1573 legere3
930 1477 1066 1544 Plotium
1088 1477 1161 1545 Fir·

243 1601 349 1662 mum,
371 1584 631 1673 emanipularibus'
652 1594 823 1678 quondam,
845 1609 910 1660 tum
926 1595 1064 1686 vigilibus
1077 1616 1161 1683 prae-

244 1697 397 1787 positum,
419 1695 471 1780 bt,
493 1700 640 1769 incolumi
665 1706 762 1773 adhuc
786 1705 903 1791 Galba,
926 1726 1029 1799 partes
1051 1709 1161 1775 Otho-

243 1813 291 1878 nis
312 1830 465 1879 secutum.
488 1812 681 1910 Adiungitur
702 1821 838 1889 Licinius
852 1824 1026 1908 Proculus,
1047 1826 1162 1894 intima
1236 1864 1237 1877 κ

244 1923 456 1994 familiaritate
481 1931 635 2016 Othonis,
663 1939 834 2026 ampelius,
865 1941 990 2007 consilia
1018 1945 1083 2022 ejus
1107 1937 1159 2006 fo-

245 2043 338 2108 visse.
364 2037 444 2109 Urbi
467 2044 604 2116 Flavium
631 2051 773 2120 Sabinum
797 2053 983 2144 praefecere,
1011 2057 1158 2139 judicium
1236 2054 1237 2107 l

239 2154 376 2226 Neronis
398 2163 513 2247 secuti,
535 2165 586 2233 sub
608 2190 669 2256 quo
691 2172 831 2238 eamdem
851 2195 954 2239 curam
968 2173 1158 2258 obtinuerat,

237 2275 394 2367 plerisque
421 2277 641 2368 Vespasianum
664 2281 791 2354 fratrem
815 2289 847 2355 in
860 2309 898 2354 eo
911 2289 1157 2378 respicientibus.
1236 2342 1237 2387 3

237 2389 453 2480 flagitatum,
480 2412 513 2457 ut
528 2401 699 2464 vacationes
725 2408 814 2488 (92),
833 2411 984 2491 praestari
1002 2411 1158 2474 centurio·

241 2504 329 2570 nibus
353 2507 476 2587 solitae,
501 2514 750 2581 remitterentur.
774 2515 914 2607 Namque
927 2523 1156 2612 gregariusmi·
1236 2532 1237 2539 ’

240 2617 305 2698 les,
335 2635 371 2684 ut
394 2621 541 2688 tributum
562 2647 713 2712 annuum,
742 2635 911 2720 pendebat.
938 2635 1059 2725 Quarta
1085 2659 1156 2726 part

239 2734 410 2824 manipuli,
440 2757 540 2826 sparsa
571 2763 629 2830 per
648 2767 855 2832 commeatus,
884 2753 989 2818 autin
1011 2752 1082 2843 ipsis
1102 2777 1156 2820 ca-

242 2849 314 2914 stris
338 2873 433 2942 vaga,
464 2853 536 2920 dum
558 2861 732 2930 mercedem
767 2868 941 2933 centurioni
960 2869 1164 2957 exsolverem.

239 2985 340 3052 neque
364 2968 483 3035 modum
507 2974 606 3038 oneris
627 2978 806 3068 quisquam,
828 3005 929 3073 neque
949 3005 1046 3076 genus
1066 3007 1156 3073 quae·

164 3183 167 3192 Ι
238 3095 302 3144 stus
322 3083 409 3170 pensi
435 3085 585 3158 habebat:
616 3114 673 3181 per
693 3096 851 3165 latrocinia
880 3098 915 3167 aa
944 3119 1069 3191 raptus,
1098 3117 1154 3166 aut

238 3194 393 3262 servilibus
426 3203 623 3290 ministeriis,
655 3211 789 3281 militare
818 3217 915 3281 otium
943 3216 1153 3283 redimebant.

238 3304 321 3376 Tum
343 3313 597 3406 locupletissimus
618 3325 745 3415 quisque
766 3331 874 3414 miles,
902 3332 1007 3400 labore
1035 3351 1072 3399 ac
1094 3353 1155 3399 sae-

238 3425 309 3496 uitia
329 3425 472 3526 fatigari,
494 3439 591 3508 donec
614 3444 804 3524 vacationem
825 3463 968 3514 emeret:
997 3449 1049 3518 ubi
1069 3469 1154 3518 sum-
