2492 3942
748 152 760 183 ἱ

215 284 275 345 33²
415 251 764 325 HISTORIARUM
785 252 870 321 LIB.
894 254 957 325 IV.

211 430 275 477 sta:
296 408 368 499 qul,
390 406 439 473 ubi
464 380 670 487 adventabat,
693 402 818 487 furens,
841 404 1014 494 cuntisque
1037 428 1136 473 rursus

210 526 243 593 in
264 524 367 591 turbas
388 520 422 589 dt
444 522 575 589 exitium
596 538 817 602 conversurus,
842 521 983 613 legiones
1004 523 1039 588 in
1062 521 1140 589 Mo

210 640 423 719 diomatricos,
446 638 555 705 sociam
576 638 756 718 civitatem,
775 636 964 713 abscessere.
989 638 1140 707 Valenti.

210 776 323 825 musac
344 752 448 821 Tutor
470 752 501 819 in
524 776 609 821 arma
631 749 789 819 Treveros
811 752 997 838 retrabunt3
1027 755 1139 825 occisis

210 870 377 939 Herennio
399 892 435 937 ac
458 868 616 950 Numisio,
639 870 769 959 legatis,
790 890 853 957 quo
866 868 988 940 minore
1011 892 1068 959 spe
1083 892 1139 937 rc·

209 988 270 1055 nie
291 1001 445 1053 cresceret
468 984 621 1053 vinculum
642 984 782 1050 sceleris.

209 1222 334 1285 Interea
356 1217 484 1284 Petilius
506 1217 635 1285 Cerialis
658 1217 884 1303 Mogontiacum
896 1218 995 1283 venir.-
1016 1216 1134 1285 Valen-

329 1336 451 1415 tinum,
475 1332 612 1401 bostium
634 1334 758 1412 ducem,
781 1354 892 1419 magna
912 1331 997 1400 clade
1088 1384 1095 1396 .

528 1448 667 1534 Rigoduli
687 1443 808 1528 adficit.

265 1670 480 1747 LXX1.Hic
503 1679 574 1747 balli
598 1696 696 1747 status
717 1697 805 1763 erat,
829 1703 900 1746 cum
920 1672 1042 1747 Petilius
1057 1678 1133 1751 Ce·
1219 1649 1220 1654 γ

208 1797 290 1865 rlalis
305 1796 542 1888 Mogontiacum
561 1798 662 1863 venit.
685 1795 758 1878 Ejus
776 1797 912 1863 adventu
925 1794 1032 1863 creua
1047 1796 1136 1889 spes(

207 1908 277 2002 Ipse
299 1934 412 2005 pugnae
433 1915 556 1997 avidus,
581 1911 616 1979 dt
636 1913 889 1995 contemnendis,
911 1936 1003 2003 quam
1016 1937 1133 1981 caren-

207 2028 252 2095 dis
275 2026 409 2095 hostibus
430 2030 560 2111 melior,
582 2026 697 2097 ferocia
727 2030 889 2095 verborum
920 2030 1054 2095 militem
1082 2031 1132 2097 in·

206 2144 382 2232 tendebat,
412 2146 461 2211 ubi
490 2148 621 2234 primum
645 2145 793 2237 congredi
821 2145 985 2227 licuisset,
1014 2146 1130 2213 nullam

206 2262 320 2349 proelio
341 2283 458 2329 morans
480 2259 627 2327 fauurns.
649 2260 817 2343 Deledus,
839 2284 896 2350 per
921 2259 1058 2329 Galliam
1073 2261 1128 2327 ba·

206 2376 303 2459 bicos,
325 2378 357 2443 in
379 2378 523 2445 civitates
542 2378 702 2458 remittit,
724 2400 760 2443 ac
781 2378 926 2443 nuntiare
939 2378 1028 2456 jubet
1041 2376 1129 2465 ruffi·
1219 2413 1220 2492 p

204 2512 271 2559 cere
292 2498 421 2579 imperio
449 2495 595 2583 legiones:
623 2497 699 2559 socii
726 2495 769 2559 nd
795 2498 899 2559 munia
924 2498 1014 2580 pacis
1045 2495 1130 2560 redi·
1219 2505 1220 2532 ³

204 2622 300 2685 rent,
327 2614 445 2691 securi,
476 2608 561 2677 uelut
590 2608 720 2691 conftdio
750 2608 842 2693 bello,
870 2609 952 2693 quod
979 2612 1130 2681 Romane

203 2740 311 2785 mortu
331 2728 535 2807 excepissent.
568 2721 668 2791 Auxit
698 2742 735 2791 es
765 2746 814 2789 res
842 2722 1009 2789 Gallorum
1039 2724 1131 2791 obse·

202 2833 305 2927 quium
314 2854 327 2902 :⁴
346 2856 414 2901 nam
437 2855 562 2927 recepta
584 2844 767 2923 iuventute,
789 2836 906 2906 facilius
929 2839 1043 2905 tributa
1077 2859 1130 2906 to·

201 2953 361 3034 leravere,
386 2952 544 3041 proniores
566 2956 602 3022 ad
626 2955 743 3038 officia,
771 2956 852 3045 quod
883 2956 1128 3043 spernebantur.

201 3068 250 3135 At
272 3066 384 3135 Civilis
406 3068 440 3137 dt
463 3067 634 3153 Classicus,
657 3072 707 3139 ubi
727 3073 852 3161 pulsum
877 3078 1043 3153 Tutorem,
1065 3095 1128 3140 ce·

200 3202 252 3251 sat
281 3188 456 3275 Treueros,
491 3184 598 3255 cundia
621 3184 930 3275 hostibusprospera
952 3206 1107 3277 accepere
1114 3214 1125 3276 ς

199 3298 312 3387 trepidi
336 3324 370 3367 ac
391 3320 611 3391 properantes,
640 3303 713 3368 dum
742 3304 889 3393 dispersas
915 3325 1040 3369 suorum
1070 3327 1125 3371 co·

123 3497 124 3506 ἵ
200 3416 262 3499 pia-s
284 3418 475 3497 conducunt,
497 3404 608 3484 crebris
631 3416 757 3485 interim
781 3418 895 3485 nuntiis
916 3404 1120 3491 Valentinum
