2492 3942
199 269 908 355 AN.U1C.DCCCXXII.'AER.CHR.⁶9.
970 307 1007 360 ⁴3

7 440 28 503 li
89 421 159 492 rat'.
182 419 324 502 Pisonis,
344 437 380 485 ut
400 421 513 490 inimici
529 423 695 506 &aenu1i‚
716 426 803 492 crede
826 425 947 507 laetari,
968 430 1016 508 jus

7 577 24 622 ,a
88 541 201 631 sasque
223 539 383 606 credebat.
407 537 533 606 Praefixa
556 540 655 606 contis
674 542 775 629 capita
796 542 1014 634 gestabantur,

88 661 180 724 inter
202 657 288 747 signa
309 655 501 738 cohortium,
524 660 608 736 juxta
616 653 761 744 Aquilam
774 659 923 750 legionis,
946 678 1016 725 cer-

90 773 187 840 tatim
210 771 434 838 ostentantibus
456 789 598 838 cruentas
612 793 737 855 manus,
760 775 811 862 qui
824 777 1015 854 occiderant,

7 956 10 971 ‚
89 890 148 980 qui
169 875 403 968 interfuerant,
426 890 478 976 qui
502 909 593 969 vere,
616 891 667 977 qui
688 887 783 970 falso,
804 910 837 958 ut
852 891 1014 981 pulchrum

92 1005 129 1072 δε
149 1003 346 1069 memorabile
361 999 487 1085 facinus,
511 1003 676 1085 jablabant.
698 1002 806 1070 Plures
827 1029 917 1096 quam
937 1029 1013 1073 cen·

7 1162 15 1202 4
94 1139 166 1187 tum
188 1119 224 1186 δε
246 1118 358 1212 viginti
387 1119 503 1185 libellos
535 1121 661 1210 praemia
691 1125 948 1211 exposcentium,
976 1120 1015 1184 ob

7 1277 14 1318 ι
92 1238 231 1325 aliquam
255 1237 420 1302 notabilem
451 1238 503 1302 illa
535 1237 584 1302 die
614 1260 759 1326 operam,
790 1237 938 1306 Vitellius
960 1259 1015 1324 po-

7 1395 11 1432 ,
91 1369 162 1418 stea
186 1351 320 1419 invenit:
343 1373 509 1443 omnesque
531 1354 671 1442 conquiri
700 1351 891 1421 &interfici
913 1352 1018 1436 jussit3

7 1536 9 1560 ‚
93 1492 163 1534 nnn
186 1467 300 1533 honore
322 1467 451 1551 Galbae,
482 1469 533 1534 sed
556 1471 671 1536 tradito
692 1470 884 1562 Principibus
906 1489 992 1533 more
1004 1507 1016 1549 ,-

7 1642 8 1646 ,
92 1583 322 1680 munimentum
337 1586 374 1650 ad
390 1607 542 1676 praesens,
557 1586 589 1650 in
605 1604 761 1676 posterum
776 1588 924 1653 ultionem
933 1589 1015 1673 (91)
1036 1643 1039 1648 .

93 1818 189 1885 Alius
210 1821 319 1884 statim
340 1835 484 1910 senatus,
506 1817 588 1886 alius
608 1819 760 1908 populus.
790 1825 894 1888 Ruunt
916 1814 1016 1884 canili

335 1936 368 1995 i'n
387 1931 516 1998 Othonis
538 1939 782 2002 venerationem.

183 2153 294 2231 XLV.
326 2153 436 2224 Alium
465 2159 607 2224 crederes
629 2176 785 2242 senatum,
806 2162 899 2226 alium
924 2183 1020 2251 popu-

100 2283 184 2346 lum:
210 2299 302 2345 ruere
323 2273 423 2341 cunili
444 2277 476 2341 in
492 2292 611 2357 castra,
635 2275 754 2344 anteire
768 2277 932 2367 proximos,
952 2297 1022 2341 cer·

96 2414 170 2460 tare
191 2417 262 2461 cum
285 2393 563 2485 praecurrentibus‚
592 2395 752 2482 increpare
773 2393 927 2476 Galbam,
956 2392 1022 2459 lau-

99 2511 176 2576 dare
197 2512 331 2578 militum
352 2509 518 2592 judicium,
540 2511 708 2578 exosculari
732 2511 870 2578 Othonis
884 2532 1021 2591 manum,

99 2641 279 2715 quantoque
308 2626 403 2718 magis
433 2622 507 2692 salsa
536 2645 645 2710 erant,
673 2650 741 2716 quae
771 2627 900 2710 fiebant,
931 2643 1021 2694 tanto

98 2741 193 2832 plura
215 2739 332 2808 lacere.
349 2740 416 2808 Nec
437 2744 655 2831 aspernabatur
676 2745 810 2838 singulos
824 2743 1020 2826 Otho,'avi-

101 2860 177 2925 dum
199 2857 233 2925 &
263 2859 413 2924 minacem
442 2859 575 2926 militum
602 2861 737 2928 animum
766 2883 842 2929 voce
872 2861 1020 2949 vultuque

101 2992 297 3065 temperans.
321 2973 459 3040 Marium
467 2971 616 3058 Celsum,
638 2978 794 3047 consulem
817 2977 1021 3068 designatum,

103 3089 139 3156 δε
162 3090 271 3158 Galbae
293 3111 387 3179 usque
408 3089 440 3155 in
462 3109 614 3160 extremas
634 3116 684 3160 res
704 3095 835 3162 amicum
851 3092 1021 3180 fidumque,

106 3205 145 3270 acl
165 3207 345 3296 supplicium
368 3209 621 3295 expostulabant,
651 3211 810 3277 industriae
840 3215 904 3293 ejus
933 3209 1023 3273 inno-
1084 3283 1087 3287 ⁴

107 3323 297 3412 centireque,
319 3325 404 3412 quasi
425 3323 511 3390 malis
533 3326 666 3409 artibus,
697 3324 829 3392 infensi.
858 3323 964 3392 cadis
988 3320 1024 3388 &
1072 3367 1076 3373 -

107 3438 282 3530 praedarurn
320 3439 468 3524 initium,
503 3440 538 3510 bt
567 3444 688 3532 optimo
716 3438 827 3530 cuique
857 3439 1024 3530 perniciem
