2492 3942
275 272 696 366 Hrsronrnuuru
725 274 904 347 norm.
945 233 1047 373 '402

148 417 194 492 9²)
213 417 283 474 Dite
298 433 398 472 rerum.
418 421 543 484 Tempora
560 433 645 470 rerum
663 415 835 486 agendarum.
895 419 901 428 '

148 492 197 565 93)
217 489 265 549 Ad
278 495 388 546 Fanum
405 494 545 544 Fortunat.
562 488 647 544 Hodie
664 494 740 542 Fano
758 490 784 540 in
807 490 899 542 ducatu
918 487 1050 542 Urbinati.

166 572 212 622 De
227 580 329 618 summa
347 579 433 616 rerum
450 559 624 626 rutilantes,
642 562 658 611 i.
676 578 700 612 e·
718 561 893 614 deliberantes.

23 637 29 672 ⁵
130 637 194 721 (⁹4)
211 635 388 692 clavorum.
406 635 485 699 Quasi
503 637 534 688 ad
551 633 670 688 emendos
686 635 772 686 clavos
786 634 899 694 dilium,
917 629 1052 686 utcalrea·

165 727 237 764 rrum
255 707 286 762 ad
304 706 552 768 emendatoriam,
570 702 812 778 unguentariumad
823 719 970 774 unguenta·
989 706 1052 757 Mox

166 782 260 842 verba,
277 776 403 832 donatiui
420 797 512 834 nomen
531 792 591 840 ert,
611 779 726 831 videntur
748 795 802 830 esse
826 777 955 831 insititiar
979 793 1054 845 quor-

159 861 224 906 ·sum
243 851 310 904 enim
330 849 369 904 illa
387 864 460 904 etate
477 851 628 906 aderentur?
648 866 676 904 ut
693 852 810 904 observat
827 855 964 907 Ernestus.

132 919 431 1002 (95jymb0m1'num.
456 931 501 994 Jus
525 924 665 992 gentium,
689 924 729 985 jus
752 937 874 983 natura,
897 923 964 991 quod
986 920 1054 988 apud

167 1013 255 1054 omnes
273 995 404 1062 tortines,
423 1008 512 1048 natura
530 998 610 1060 duce‘,
627 1011 740 1063 petreque
755 997 838 1048 valet.

134 1068 198 1148 (96)
213 1067 336 1122 -Crrtiora
352 1083 384 1119 ert
402 1067 544 1122 Muciano·
563 1067 704 1136 Firmiora,
721 1081 853 1138 tamquam
875 1067 936 1121 ,data
960 1066 1054 1135 abeo,

54 1141 57 1148 '
169 1142 212 1212 qui
229 1141 281 1198 dun
298 1153 363 1194 esset
381 1137 526 1205 primarius.
546 1165 550 1172 ·

126 1212 199 1292 (97)
218 1211 316 1270 Media
330 1205 669 1286 scriptitabat-,Ambigua
693 1210 755 1266 nihil
771 1212 833 1264 certi
857 1213 884 1266 in
908 1212 1055 1270 alterutram

171 1300 267 1356 partem
285 1283 447 1338 definientia.

130 1361 194 1437 (93)
211 1357 341 1414 Muciano
359 1353 480 1412 volentia
494 1358 660 1430 rescripsere·
678 1363 717 1412 Ea
733 1355 942 1427 scripsere‚-qua
957 1356 1058 1412 Mucia·

170 1447 221 1490 nus
239 1428 332 1494 vellet.
354 1445 410 1495 quse
428 1429 474 1497 ipsi
492 1445 563 1500 grata
587 1444 694 1484 essent·
719 1429 780 1482 Vide
807 1429 914 1482 similem
939 1429 1057 1494 loquendi

170 1505 276 1558 fornum
295 1505 362 1558 Aoo·
384 1517 424 1567 rr,
434 1514 477 1563 3⁶·
490 1504 637 1558 Rhenanus
652 1505 753 1557 dederat
770 1499 883 1558 orbati.
903 1501 1026 1554 Restituit
1042 1519 1058 1554 e

171 1578 238 1630 Flor.
257 1574 338 1627 codice
356 1575 481 1644 Picherra,
499 1585 523 1630 de
541 1576 627 1630 firmat
644 1578 758 1645 Regius.

131 1647 203 1726 (⁹9)
222 1643 389 1705 Euilur'ttertt
403 1645 522 1720 pericula
538 1667 604 1704 sue.
622 1653 664 1704 Ita
677 1668 691 1701 e
705 1647 849 1704 Florentino
862 1649 985 1702 dederunt
1003 1653 1060 1712 Ry-

172 1721 245 1774 clius
263 1729 285 1772 dr
304 1723 329 1786 J.
349 1721 518 1783 Gronovius,
542 1722 615 1790 idque
640 1723 734 1776 viderat
759 1720 960 1777 Freinshemius.
991 1718 1059 1775 Editi

132 1837 136 1842 .
173 1807 234 1848 ante
252 1791 384 1856 Rytkium
401 1789 577 1853 coaluissent,
595 1792 664 1846 nullo
680 1808 773 1846 sensu.

132 1862 221 1940 (roo)
242 1877 314 1946 Qu
330 1859 465 1934 adferret.
484 1865 525 1914 Ita
543 1879 601 1916 cum
621 1865 720 1927 Ryckio
736 1862 848 1915 dedimus
865 1861 952 1916 eFlor·
961 1860 1060 1931 Regio,

175 1945 198 1990 tr
216 1935 290 1988 editis
306 1947 366 1986 ante
384 1933 542 1988 erenanum
562 1950 605 2000 pro
621 1933 742 2006 refirret.

138 2005 217 2082 (tor)
236 2005 368 2059 Latium.
385 2013 431 2075 Jus
448 2005 532 2072 Latii,
550 2006 594 2075 qui
612 2007 743 2076 proximus
758 2005 791 2061 ad
807 2007 940 2062 civitaten
965 2011 1061 2061 Roma·

175 2095 234 2132 nam
252 2078 343 2146 padus
361 2077 426 2132 fult.

138 2150 220 2224 (roz)
240 2163 334 2224 ,Quam
351 2150 476 2222 ipserum.
495 2152 566 2220 Qros
585 2151 659 2204 modo
676 2151 740 2204 dine
766 2151 795 2206 iu
813 2165 893 2218 partes
912 2153 1061 2216 vespasiani

175 2238 361 2291 transgressos,·
379 2224 446 2291 quod
464 2240 516 2276 oon
534 2239 710 2286 moneremus,
727 2223 777 2281 nisi
795 2223 915 2289 Ryckius
939 2225 990 2279 alib
1006 2242 1063 2278 sert-

176 2313 234 2352 sum
260 2296 431 2365 detorqueret,
449 2295 557 2364 deipsis
575 2295 798 2350 Tarracinensibus
815 2295 975 2365 intelligens.

143 2365 222 2444 (eor)
241 2373 284 2422 Ea
300 2366 440 2424 simulatio
454 2367 552 2444 efficii,
568 2386 588 2422 e
604 2381 678 2424 metu
690 2363 821 2444 perfidia,
840 2380 956 2423 verterat
973 2369 1005 2423 ire
1015 2365 1063 2442 fa-

181 2457 284 2498 utrem.
319 2447 386 2496 Cum
407 2442 487 2508 primo
511 2453 597 2507 proter
620 2443 773 2495 sententiam
797 2449 821 2495 de
844 2440 962 2495 simulato
984 2442 1064 2496 studit

178 2514 232 2568 haec
250 2515 434 2582 praestitissent,
454 2514 527 2567 veriti
544 2531 577 2566 ne
593 2514 653 2581 quid
669 2515 771 2583 grauius
789 2526 933 2581 cogerentur
951 2545 962 2578 ,
979 2529 1065 2582 postea

177 2587 240 2639 serio
257 2595 282 2640 dr
298 2605 329 2640 ex
348 2587 432 2642 auimo
449 2586 587 2640 favebant.
606 2590 649 2638 Ita
666 2592 784 2640 Emestus
799 2585 878 2636 edidit
894 2604 909 2638 e
927 2603 974 2638 ms.
992 2587 1064 2639 Bodl.

101 2727 105 2736 η
179 2657 252 2726 idque
269 2659 450 2801 wJeHodgsm
470 2658 571 2712 videtur
594 2661 715 2731 vulgato,
736 2676 770 2712 ee
793 2653 960 2729 simulatio,
982 2657 1065 2740 officia

177 2739 251 2782 rrretu
281 2748 294 2782 r
321 2749 335 2786 e
363 2751 381 2786 a
429 2748 450 2784 e.

145 2797 227 2877 (1⁰4)
245 2739 446 2876 Cimemprim
469 2799 504 2863 Θ
528 2803 585 2860 riee
606 2802 783 2862 discrimine·
807 2807 847 2861 ln
869 2804 934 2857 rede
958 2805 1067 2864 Pisitana

179 2873 326 2930 emendavit
341 2892 356 2927 e
374 2873 439 2928 Flot.
457 2875 551 2944 inquo
570 2878 688 2933 mendose
711 2877 804 2947 legitur
820 2877 964 2947 contempti
978 2877 1067 2931 merti-

180 2963 213 3004 a*
227 2943 395 3008 discrimine,
412 2963 458 3000 nec
474 2947 548 3018 longe
566 2951 618 3003 ablt
637 2950 751 3020 Regius,
775 2948 820 3022 qui
847 2949 931 3000 scribit
947 2947 1067 3003 contenti

180 3018 291 3080 mettius
306 3017 478 3076 discrimine.
498 3021 566 3080 olim
583 3021 714 3090 edebatur,
729 3019 884 3081 conterriti,
900 3021 1031 3077 metite.

146 3088 232 3167 (105)
251 3089 525 3147 PtrerrraMruarria.
546 3099 692 3162 Occupatat
718 3111 776 3148 naut
795 3109 870 3159 supra
890 3098 920 3150 rs
939 3093 1068 3149 rxrrcitur

182 3163 341 3220 Mevaniam
358 3161 512 3230 inrident,
529 3164 613 3220 urbem
631 3167 664 3222 ad
680 3170 849 3220 confluentem
869 3162 951 3220 Tiuiar
975 3174 1000 3220 tr
1016 3167 1069 3220 Cli·

182 3239 268 3294 tumui
285 3235 409 3302 positam.

120 3379 124 3388 ι
147 3301 226 3432 (roro)
239 3305 357 3394 'Praeda
375 3325 455 3384 quam
467 3307 655 3384 periculorum.
673 3307 764 3378 supple
778 3307 886 3383 potius,
911 3317 935 3366 te
952 3311 988 3367 sie
1007 3309 1069 3364 solet

208 3393 303 3441 aelius·

147 3451 226 3530 (ιον)
243 3449 387 3528 Ambiguae
402 3489 411 3514 .
436 3453 506 3512 Fidei
524 3453 589 3510 baud
607 3455 687 3514 firma
705 3453 732 3506 in
750 3452 903 3522 Vitellium,
925 3455 948 3516 si
971 3454 1071 3510 darum

685 3535 784 3613 Cce
