2492 3942
151 273 867 351 AN.U.C.DCCCXXII.AER.CHR·69·
930 303 990 353 aar

73 427 110 494 de
131 429 231 516 lapsus
254 427 335 519 ignis
356 427 387 492 in
412 427 563 516 porticus,
582 426 742 514 *appositas
764 426 900 494 aedibus:
920 449 995 494 mot

71 545 255 608 sustinentes
278 539 434 632 fastigium
456 541 565 630 aquilae
588 549 713 627 (ιη),
750 559 858 608 vetere
880 541 993 633 liguo,

71 675 233 724 traxerunt
258 658 432 739 flammam,
457 658 678 744 alueruntque.
705 656 757 724 Sic
780 653 996 746 Capitolium,

70 773 176 838 clausis
201 769 333 854 foribus,
359 769 549 855 indefensum
571 769 606 838 dc
629 771 849 862 indireptum,
876 773 995 840 confla-

70 906 186 980 gravit.

68 1129 167 1208 super
184 1141 222 1188 ro
245 1121 386 1206 fhcinore
414 1119 559 1206 querela3
590 1121 634 1198 isa
656 1123 804 1208 Capitolii
832 1121 994 1208 usquead

396 1236 552 1304 Vitellium
568 1242 684 1306 uices..

135 1465 277 1534 Lxxlr.
314 1465 349 1534 Id
376 1467 492 1537 facinus
521 1419 768 1561 positatarum
791 1465 915 1539 Urbem
943 1470 992 1537 lu·

66 1581 281 1650 diuosissimum
311 1580 571 1676 foedissimumque
602 1588 715 1676 populo
738 1585 883 1654 Romano
908 1590 991 1654 acci-

67 1700 136 1766 dit:
168 1701 254 1766 nulio
277 1716 407 1789 externo
430 1703 517 1768 hoste
526 1715 543 1784 ,¹
564 1704 732 1791 propitiis,
764 1705 788 1766 si
811 1721 868 1792 pet
890 1725 992 1768 mores

66 1833 186 1882 nostros
211 1815 339 1896 liceret,
362 1817 444 1900 deis,
473 1819 577 1884 sedem
599 1816 818 1905 Jotisoptirni
847 1819 991 1899 maximi,

64 1932 222 2019 auspicato
244 1953 262 1996 a
284 1932 463 2012 majoribus,
492 1933 601 2024 pignus
622 1931 743 2019 imperii
765 1941 885 2018 (ιτς),
916 1957 992 2002 con·

63 2047 186 2124 diram,
207 2065 298 2133 quam
321 2057 381 2110 no'o
397 2043 531 2112 Porsena
553 2042 776 2127 deditaUrbe,
798 2069 897 2134 neque
905 2049 991 2116 Galli

64 2178 185 2251 capta,
217 2177 370 2226 temerare
392 2162 582 2249 potuissent,
611 2156 715 2229 furore
736 2159 914 2250 Principum
937 2185 993 2229 ex·
1038 2158 1041 2164 ’

65 2277 185 2344 scindi!
210 2273 356 2342 Arsene
377 2275 413 2344 dt
435 2294 509 2344 ante
530 2274 748 2366 Capitolium,
779 2277 862 2344 civili
885 2277 991 2360 bello,

66 2395 115 2460 sed
137 2391 246 2460 fraude
275 2394 419 2482 privata:
451 2417 531 2462 nunc
555 2393 656 2484 palam
684 2393 861 2476 obsessum,
888 2395 991 2484 palam

65 2511 241 2576 incensum.
270 2508 388 2600 Quibus
414 2533 568 2576 armorum
590 2509 708 2580 causis?
730 2513 793 2599 q'uo
815 2527 912 2578 tantae
925 2513 992 2579 cla·

65 2626 109 2692 dis
134 2625 239 2713 pretio
261 2625 369 2693 stetit?
392 2633 486 2712 (ιη)
508 2647 565 2715 pro
579 2625 680 2716 patria
696 2625 894 2700 bellavimus?
918 2629 988 2700 Vo·

65 2736 364 2828 veratTarquinius
384 2739 504 2808 Priscus
527 2765 604 2824 rex,
634 2742 717 2810 bello
738 2741 875 2833 Sabiu03
903 2747 987 2827 jecef

66 2875 179 2946 ratque
200 2851 416 2939 fundamenta,
438 2879 492 2948 spe
507 2860 610 2950 magis
631 2855 744 2939 futurae
758 2862 990 2952 magnitudinis,

65 2993 156 3061 quam
180 2993 244 3061 quo
265 2969 511 3042 moditae'adhuc
533 2975 636 3064 populi
647 2973 781 3042 Romani
802 2997 851 3042 ras
871 2975 989 3042 suffice-

65 3107 154 3156 rent.
189 3087 272 3156 Mor
295 3085 420 3158 Seruius
443 3085 589 3170 Tullius,
612 3090 763 3156 sociorum
785 3091 886 3158 studio
901 3093 989 3177 ide·

65 3204 136 3270 iude
162 3201 347 3292 Tarquinius
368 3203 546 3294 Superbus,
575 3221 665 3294 capta
693 3205 802 3272 Suessa
823 3205 989 3288 Pometia,

64 3317 201 3386 hostium
223 3320 325 3409 spoliis
346 3337 547 3398 exstruxere.
574 3321 750 3412 Sedgloria
772 3321 988 3410 operuliber-

64 3433 124 3500 tati
155 3452 330 3504 reservata.
365 3435 464 3508 Pulsis
494 3435 614 3526 regibus
638 3435 792 3502 Horatius
813 3433 962 3512 Pulvillus
975 3485 988 3520 ,
1063 3437 1066 3443 ’

144 3555 373 3616 C.Tac.T.HI.
561 3581 563 3591 ·
668 3549 718 3638 Q
