2492 3942
236 238 299 297 30⁴
438 206 790 282 HiSTORIARUM
807 210 895 280 Lm
916 208 982 283 lv.

233 482 280 547 At
303 498 339 547 re
359 476 480 567 longius
501 475 605 545 abiret
626 474 860 565 baec‘cognitio,
880 475 1001 544 abolita
1021 480 1166 564 piorum

337 608 514 683 temporum
536 596 698 661 merrom
725 600 765 659 In
783 607 900 681 paucos
919 590 965 669 δ’
986 594 1065 661 viles

622 711 785 779 semitm.

295 936 421 1011 XLIV.
443 938 590 1009 Proximo
620 956 748 1022 senatu,
776 938 943 1007 inchoante
972 938 1105 1009 Caesare
1132 942 1170 1008 de

236 1056 378 1127 mundo
401 1058 503 1126 dolore
525 1062 658 1145 iraque,
679 1054 724 1131 (ss
742 1059 1087 1145 priorumtemporum
1116 1080 1171 1124 ne·

237 1171 454 1257 cessitatibus,
476 1174 596 1241 censuit
619 1170 787 1239 Mucianus
809 1172 933 1263 prolixe
953 1194 1009 1261 pro
1034 1194 1170 1239 accusa·

238 1289 376 1377 toribns3
397 1290 488 1355 simul
503 1310 555 1357 eos
563 1339 574 1372 ,
589 1288 644 1379 qui
655 1303 813 1378 coeptam,
826 1287 900 1355 dein
915 1288 1052 1355 omissam
1065 1287 1171 1355 attio·

238 1427 312 1475 nem
334 1420 539 1493 repeterent,
563 1403 684 1471 monuit
712 1424 853 1471 sermone
879 1404 987 1487 molli,
1018 1403 1055 1472 &
1085 1424 1170 1475 mm·

238 1540 330 1609 quam
353 1534 498 1609 rogaret.
520 1516 631 1585 Patres
651 1536 823 1610 coeptatam
853 1516 1048 1602 libertatem,
1078 1539 1171 1611 post-

238 1655 331 1727 quam
352 1634 471 1701 obviam
493 1633 592 1717 itum,
614 1637 766 1701 omisere.
787 1632 970 1717 Mucianus,
992 1638 1172 1726 resperni

239 1756 361 1819 mustus
391 1749 555 1835 judicium,
584 1748 620 1819 ἀ
649 1748 765 1819 curuis
791 1752 846 1817 sub
875 1752 996 1820 Nerone
1023 1752 1174 1818 admiss'm

240 1868 314 1935 data
337 1866 504 1958 impunitas
534 1867 711 1951 videretur,
742 1866 909 1935 Oiiaviurn
936 1866 1082 1937 Sabinum
1111 1866 1171 1935 Sn-

240 1973 373 2077 gittam,
396 1980 431 2051 ἀ
454 1978 629 2053 Antistium
649 1980 809 2051 Sosianum
832 1991 924 2072 (79),
945 1986 1096 2053 senatorii
1118 2006 1171 2053 or·

238 2099 341 2183 dinis,
364 2118 502 2191 egressos
524 2100 689 2181 exsilium,
707 2100 739 2165 in
761 2100 884 2167 easdem
898 2101 1013 2168 insulas
1027 2103 1170 2194 redegit.

240 2214 386 2287 Oliavius
407 2213 551 2284 Pontiam
573 2214 782 2299 Postumiam,
803 2232 911 2307 stupro
930 2216 1112 2311 cognitam,
1134 2216 1171 2285 &

241 2332 364 2425 nuptias
386 2354 451 2401 suas
473 2333 679 2413 abnuentem,
700 2332 856 2421 impotens
870 2335 984 2401 amoris
998 2330 1171 2399 interfece.

238 2466 309 2517 rat:
323 2446 465 2523 Sosianus
480 2448 634 2538 pravitate
645 2468 767 2516 morum
783 2446 895 2513 multis
906 2448 1071 2517 exitiosus.
1086 2444 1170 2516 Arn-

240 2564 279 2629 bo
301 2564 388 2654 gravi
411 2564 674 2639 senatusconsulto
694 2564 833 2630 damnati
847 2564 1008 2655 pulsique,
1029 2565 1171 2655 quamvis

237 2696 384 2745 concesso
408 2678 476 2749 aliis
497 2678 618 2762 reditu,
640 2680 674 2745 in
697 2679 805 2745 eadem
826 2682 1062 2770 panareton&
1077 2702 1169 2749 sunt.

239 2792 308 2863 Nec
333 2788 402 2860 ideo
424 2792 522 2861 lenita
557 2818 634 2887 erga
662 2794 848 2863 Mucianum
876 2796 1011 2863 invidia.
1039 2798 1170 2888 Quippe

238 2906 379 2979 Sosiann
401 2930 437 2975 ac
459 2906 581 3001 Sagitta
612 2912 706 2993 viles,
732 2910 829 2977 etiam
858 2912 884 2979 si
911 2930 1169 2980 reuerterentur:

236 3042 448 3107 moratorum
480 3025 625 3118 ingenia,
654 3025 691 3095 &
719 3048 813 3117 opes,
841 3026 876 3099 ἁ
908 3028 1052 3100 exercita
1075 3030 1171 3097 malis

237 3140 353 3234 artius
375 3142 533 3234 potentia,
555 3142 759 3218 timebantur.
