2492 3942
244 269 281 319 ιι
446 243 954 337 H1srou1nuummo.t

245 401 278 466 lii
303 397 415 481 jacuit,
443 399 542 486 primo
575 393 636 462 iliu
664 398 696 462 in
725 397 894 488 poplitem,
922 419 994 463 mox
1023 398 1060 462 ab
1083 396 1172 481 Iulio

244 513 352 596 Caro,
374 513 543 607 legionario
564 511 681 596 milite,
710 513 743 580 iu
766 531 930 602 utrumque
960 514 1040 580 lotus
1063 530 1168 580 trans-

249 633 443 698 verberatus.

273 866 446 950 sempronia·
468 866 561 928 Densi
577 859 657 942 fides
677 867 811 950 egregia.
842 864 916 928 Piso
934 858 1136 929 trucidatur.

323 1089 445 1159 XLIII.
475 1091 633 1185 Insignem
662 1093 716 1158 illa
742 1092 795 1158 die
821 1090 920 1158 uirum
948 1091 1166 1182 Sempronium

242 1209 391 1278 Densum
414 1227 488 1276 mtos
512 1227 615 1274 nostra
646 1194 745 1274 viclit.
775 1204 930 1274 Centurio
957 1209 983 1272 is
1009 1210 1167 1298 p‘raetoriae

240 1327 401 1405 cohortb,
424 1349 441 1391 n
467 1321 567 1390 Galba
589 1325 736 1391 custodiae
758 1323 876 1390 Pisonis
895 1324 1033 1406 additus,
1060 1325 1165 1390 stribio

242 1442 400 1532 pugione,
424 1459 586 1506 occurrens
606 1442 749 1521 armetis,
778 1438 812 1506 ἀ
841 1440 939 1506 scelus
961 1441 1164 1530 exprobrans,

243 1579 280 1622 nc
303 1555 394 1621 morlo
416 1576 507 1622 manu
519 1605 529 1636 ,
553 1557 645 1622 modo
667 1576 769 1637 voce,
799 1557 951 1623 vertendo
981 1557 1012 1620 in
1035 1577 1068 1622 se
1090 1579 1163 1646 per·

241 1679 397 1752 cussores,
420 1693 603 1762 quamquam
626 1673 790 1739 vulnerato
812 1669 915 1738 Pisoni
939 1670 1084 1762 effugium
1105 1672 1164 1739 de-

239 1789 307 1853 dit.
340 1784 411 1854 Piso
441 1787 472 1852 in
500 1790 599 1854 aedem
628 1787 739 1858 Vesta
764 1788 923 1876 pervasit,
951 1806 1160 1877 exceptusque

243 1902 451 1968 misericordia
473 1904 586 1993 publici
608 1905 709 1987 servi,
736 1901 771 1970 δι
798 1905 998 1972 contubernio
1020 1906 1085 1985 ejus
1107 1905 1159 1970 ab·

242 2019 341 2103 ditus,
363 2041 425 2084 non
448 2019 619 2112 religione,
649 2043 706 2087 nec
737 2019 1018 2103 caerimoniis„sed
1041 2021 1161 2088 latebre

238 2136 402 2204 imminens
421 2137 548 2204 exitirtm
570 2137 746 2205 differebat:
768 2160 839 2203 cum
859 2138 1038 2219 advenere,
1069 2137 1161 2202 missu

241 2253 393 2335 Othonis,
416 2254 595 2320 nominatim
616 2255 648 2317 in
669 2254 787 2319 cedem
810 2257 878 2335 ejus
898 2253 1061 2334 ardentes,
1090 2249 1161 2318 Sul-

242 2369 336 2458 picius
364 2368 491 2447 Florus,
521 2389 540 2432 e
569 2368 753 2462 Britannicis
773 2369 972 2452 cohortibus,
1008 2389 1108 2458 nuper
1141 2390 1159 2433 a

241 2481 340 2548 Galba
365 2481 490 2547 civitate
511 2481 659 2564 donatus,
680 2480 716 2548 bt
739 2482 854 2550 Statius
876 2485 1025 2566 Murcus,
1048 2505 1157 2573 specu-

242 2598 336 2662 lator:
367 2617 384 2660 a
414 2595 518 2686 quibus
548 2597 717 2688 protrallos
739 2597 829 2682 Piso,
858 2602 891 2667 in
912 2598 1024 2667 foribus
1046 2600 1159 2689 templi

234 2703 434 2780 trucidatur.

298 2825 422 2896 XLIV.
445 2827 569 2898 Nullam
590 2831 813 2910 caedemOtlno
833 2835 950 2914 majore
973 2831 1084 2898 laetitio
1104 2853 1158 2899 ex-

240 2945 374 3034 cepisse,
396 2943 513 3010 nullum
535 2965 629 3038 caput
650 2967 716 3014 torn
737 2948 949 3016 insatiabilibus
970 2949 1066 3016 oculis
1086 2969 1159 3036 per·

232 3060 387 3126 lustrasse
407 3061 537 3130 dicitur:
563 3083 615 3131 seu
637 3081 704 3132 turn
729 3065 859 3154 primum
880 3066 982 3132 leuata
997 3064 1083 3132 omni
1094 3064 1159 3128 sol·

227 3175 402 3243 ³·licitudine
416 3197 524 3260 mens,
549 3201 659 3247 vocare
681 3181 791 3272 gaudio
804 3199 960 3272 coeperat:
982 3203 1035 3248 seu
1051 3201 1159 3246 recor·

227 3293 322 3360 'detio
344 3295 511 3377 maiestatis
533 3296 565 3362 in
588 3296 707 3378 Galba,
737 3297 881 3377 amicitior
909 3300 941 3366 io
970 3295 1014 3369 T.
1038 3297 1158 3378 Vinio,

226 3412 377 3499 'quemvis
406 3411 558 3478 immitem
587 3413 721 3481 onimum
753 3415 887 3506 imagine
902 3415 989 3481 tristi
1008 3410 1161 3480 consude-
