2492 3942
227 310 265 376 ,⁶
435 282 778 358 nrsroumuum
808 291 891 361 tur.
913 291 940 360 1.

281 561 327 624 At
349 565 463 624 Castra
486 571 565 620 tenet
591 552 687 636 Otho,
702 543 931 644 flagrantesque
951 558 1087 626 militum

458 675 577 738 animos
597 675 738 738 oratione
758 676 911 740 accendit.

294 901 456 972 XXXVI.
487 901 582 969 Haud
606 901 705 968 dubia
739 906 801 983 jam
829 903 988 971 incastris
1009 907 1148 976 omnium

228 1039 367 1106 mentes;
390 1037 555 1106 tantusque
577 1020 688 1100 ardor,
711 1034 747 1083 ut
770 1043 830 1086 non
846 1021 986 1086 contenti
1000 1023 1147 1112 agmine,

227 1137 263 1205 dt
285 1137 487 1223 corporibus,
518 1134 549 1198 in
579 1149 752 1224 suggestu,
780 1135 812 1200 in
848 1156 909 1224 quo
939 1137 1042 1226 paullo
1071 1157 1147 1206 ante

227 1275 319 1321 aurea
331 1251 441 1318 Galba
464 1266 564 1314 statua
578 1245 700 1330 fuerat,
725 1250 857 1317 medium
872 1251 955 1317 inter
976 1253 1063 1343 signa
1076 1261 1149 1342 (79)

227 1370 387 1438 Othonem
414 1365 531 1432 vexillis
552 1363 802 1430 circumdarent.
825 1364 892 1432 Nec
914 1367 1062 1451 tribunis,
1092 1385 1148 1436 aut

227 1482 472 1562 centurionibus,
501 1480 630 1546 adeundi
651 1481 759 1546 locos:
790 1482 950 1574 gregarius
980 1483 1068 1550 miles
1095 1505 1149 1550 ca·

227 1603 301 1668 veri
324 1599 446 1684 insuper
474 1600 657 1682 prepositos
686 1597 831 1676 jubebat.
864 1597 1013 1686 Strepese
1040 1599 1148 1667 ennea

227 1713 427 1792 elamoribus,
455 1708 489 1776 ἀ
519 1711 683 1792 tumultu,
713 1710 748 1780 dc
775 1711 992 1778 exhortatione
1014 1730 1148 1799 mutua,

228 1855 289 1898 non
320 1847 474 1918 tamquam
504 1826 534 1892 in
565 1827 706 1916 populo,
735 1837 772 1894 bc
801 1828 909 1915 plebe,
940 1829 1027 1894 variis
1057 1832 1149 1921 segni

227 1945 400 2013 adulatione
425 1942 562 2024 vocibus,
585 1942 663 2024 sed,
693 1959 727 2009 ut
756 1963 910 2032 quemque
938 1943 1146 2012 adfluentium

227 2062 359 2129 militum
384 2060 605 2148 adspexerant,
635 2079 781 2148 prensare
800 2059 955 2141 manibus,
984 2060 1147 2148 compledii

225 2177 317 2244 armis
340 2185 426 2264 (κο),
449 2175 601 2245 collocare
623 2177 728 2256 juxta,
765 2175 878 2262 praeire
900 2194 1147 2257 sacramentum,

226 2295 317 2362 modo
341 2291 565 2380 Imperatorem
589 2291 752 2370 militibus,
776 2290 866 2355 modo
882 2286 1066 2380 Imperatori
1087 2292 1148 2356 mi·

161 2437 166 2447 ·
227 2410 298 2474 lites
320 2406 558 2472 commendare.
591 2403 658 2474 Nec
687 2404 793 2468 deerat
818 2405 931 2489 Otho,
961 2407 1149 2497 protendens

227 2539 354 2600 manus,
378 2519 505 2584 adorare
529 2517 656 2607 vulgum
687 2527 791 2604 (81),
820 2523 922 2601 jacere
951 2524 1079 2605 oscula,
1111 2521 1149 2591 ἀ

227 2635 329 2701 omnia
352 2629 503 2699 serviliter
534 2654 590 2722 pso
619 2633 843 2700 dominatione.
880 2637 1046 2728 Postquam
1079 2638 1149 2706 uni-

227 2773 314 2818 versa
333 2749 529 2817 classicorum
558 2747 643 2839 legio
665 2769 887 2818 sacramentum
916 2757 980 2836 ejus
1008 2755 1149 2845 accepit,

227 2865 321 2934 fidens
345 2865 479 2944 uiribus,
500 2862 535 2930 dt
557 2883 631 2952 quos
651 2865 749 2932 adhuc
772 2867 906 2959 singulos
927 2871 1150 2937 exstimulave-

177 2958 183 2967 κ
225 2999 294 3062 sat,
316 2979 522 3048 accendendos
543 2979 574 3048 in
596 3002 759 3051 commune
780 2998 883 3067 ratus,
916 3007 973 3077 pso
994 2968 1074 3054 vallo
1094 3010 1151 3055 ca·

225 3113 360 3165 atrorum
382 3097 426 3166 ita
447 3096 561 3184 coepit:

298 3207 475 3280 XXXVII.
499 3215 580 3298 Quis
603 3214 725 3281 ed-oos
743 3219 970 3304 processerim,
994 3218 1150 3290 commili-

223 3343 329 3407 tones,
357 3327 455 3394 dicere
480 3349 538 3394 non
556 3343 705 3414 possum.-
736 3334 809 3416 quia
839 3353 890 3400 nec
911 3337 1076 3421 privatum
1098 3355 1152 3399 me

218 3461 338 3514 ¹'sassures
357 3447 512 3527 sustineo,
550 3445 697 3534 Princeps
717 3467 738 3512 a
759 3445 848 3518 coiis
871 3451 1066 3534 nominatus3
1094 3467 1151 3516 nec
