2492 3942
221 299 262 352 ro
428 262 774 341 HlsToRrARuM
794 267 928 342 ulls-u

272 537 434 607 Othoniani
455 536 591 618 milites,
613 535 740 622 eliejeble
760 533 871 624 plebe,
896 535 1075 623 proculcato

443 669 547 720 senatu
556 700 567 734 ‚
577 651 688 738 sorum
703 655 901 739 inruenpunr.

288 885 362 952 XL.
385 879 547 976 Agebatur
576 883 636 951 huc
665 885 739 952 illuc
768 882 887 964 Galba,
921 884 1006 950 vario
1026 885 1128 952 turbae

216 1001 388 1069 fluctuantis
410 1002 563 1090 impulsu:
594 1001 758 1090 completis
787 1000 918 1087 undique
947 999 1074 1067 basilicis
1095 1026 1133 1068 ac

216 1119 359 1207 templis,
381 1115 501 1208 lugubri
523 1115 699 1206 prospedlu:
722 1135 823 1203 neque
844 1113 968 1203 populi,
989 1134 1042 1182 aut
1065 1118 1134 1208 ple-

217 1235 261 1301 bis
283 1233 347 1298 ulla
371 1255 447 1300 vox:
477 1232 530 1298 sed
551 1231 678 1297 attoniti
700 1230 826 1313 vultus,
855 1226 891 1295 ἀ
911 1251 1069 1306 conversa
1093 1233 1134 1300 ad

216 1349 319 1416 omnia
342 1370 446 1416 aures:
470 1371 531 1413 non
554 1347 723 1428 tumultus,
745 1369 808 1412 non
830 1345 931 1434 quies:
953 1347 1045 1438 quale
1067 1371 1133 1414 ma-

217 1466 271 1559 gni
294 1480 394 1528 metus
416 1461 450 1529 ἀ
466 1483 587 1554 magna
602 1463 659 1528 irae
680 1462 835 1529 silendum
852 1476 901 1528 est
915 1509 924 1526 .
946 1461 1068 1530 Othoni
1084 1481 1134 1532 ta·

217 1601 290 1648 men
319 1582 438 1644 armare·
464 1577 579 1666 plebem
609 1579 828 1645 nuntiabatur.
857 1584 908 1644 Ire
933 1582 1133 1666 precipites,

217 1696 261 1774 ἐφ
283 1710 430 1782 occupare
448 1695 584 1785 periculo
605 1696 711 1776 jubet.
733 1694 835 1786 Igitur
855 1691 971 1758 milites
983 1693 1135 1780 Romani,

217 1814 301 1902 quasi
325 1809 523 1901 Vologesen,
547 1826 600 1876 aut
623 1809 790 1890 Pacorum,
811 1807 894 1876 avito
916 1804 1134 1880 Arnddarum
1239 1840 1240 1887 j

218 1927 293 1994 solio
315 1924 486 2013 depulsuri,
513 1947 550 1991 ac
574 1949 637 1992 non
658 1925 883 2017 Imperatorem
912 1945 1020 2009 suum,
1047 1929 1135 1994 iner-
1239 1898 1240 1913 ἵ

217 2063 301 2110 mem
323 2039 357 2106 dc
370 2061 493 2123 senem,
516 2042 668 2110 trucidare
681 2031 871 2134 pergerent,
894 2040 1016 2122 disjecta
1030 2043 1134 2132 plebe,

216 2158 394 2250 proculcato
419 2174 544 2240 senatu,
567 2177 671 2226 truces
691 2159 802 2238 armis,
822 2155 935 2244 rapidis
957 2159 1043 2247 equis
1059 2167 1134 2247 (87)

215 2273 317 2342 forum
340 2274 535 2362 inrumpunt:
568 2295 627 2340 nec
656 2274 726 2340 illos
745 2271 898 2360 Capitolii
919 2273 1073 2363 aspedus,
1095 2272 1134 2344 bc

216 2390 445 2454 imminentium
468 2387 658 2475 templorum
680 2386 812 2477 religio,
833 2383 869 2452 ἀ
891 2391 1008 2474 priores
1027 2388 1063 2457 ἀ
1082 2386 1135 2456 fu-

217 2503 281 2570 turi
302 2500 459 2590 Principes
483 2518 644 2583 terruere,
673 2503 832 2592 quominus
853 2496 993 2574 facerent
1013 2506 1132 2592 scelus,

215 2619 300 2699 cujus
325 2618 409 2682 ultor
430 2633 504 2699 est,
524 2617 657 2708 quisquis
677 2619 835 2686 successit.

328 2849 428 2918 Galba
444 2855 539 2936 juxto
558 2857 701 2921 Curtium
724 2855 824 2939 lacurn
844 2856 1008 2927 occiditur.
1115 2906 1118 2910 ι

280 3078 370 3152 XLI.
392 3083 470 3155 Viso
492 3085 631 3152 cominus
649 3104 838 3154 armatorum
858 3089 1002 3182 agmine,
1032 3088 1135 3162 vercil-

211 3197 305 3266 larius
326 3200 500 3272 comitantis
523 3199 653 3268 Galbam
675 3203 809 3269 cohortis
841 3206 993 3293 (Atilium
1022 3207 1135 3290 Vergi-

211 3315 319 3382 lionem
334 3318 437 3404 fnisse
459 3309 608 3402 tradunt)
638 3319 800 3407 dereptam
822 3320 932 3390 Galbae
963 3318 1133 3409 imaginem

210 3429 274 3498 solo
312 3432 455 3503 adflixit.
493 3430 542 3500 Eo
577 3433 665 3526 signo
699 3430 858 3503 manifesta
899 3435 933 3503 in
967 3433 1131 3501 Othonem
