2492 3942
176 254 880 354 au.u.'c.Dcccxxr1.AE1t.cHu.⁶⁹ss
942 293 1002 361 η,

35 511 38 518 ,
84 428 220 496 hostibus
247 427 381 517 prodidit
415 437 554 516 tempora
585 427 679 508 belli,
707 425 780 493 dum
808 448 884 516 quos
912 428 1006 494 armis

83 543 205 634 pellere
228 559 407 634 promptum
433 560 522 623 erat,
551 542 688 637 epistolis
715 543 874 632 increpat,
905 539 1004 614 donet

83 681 145 750 per
167 658 298 734 nuntios
310 656 395 746 patio
418 657 553 747 peslidiae
576 656 728 724 firmaret.
750 658 884 728 Interim
912 656 1006 746 Apo-

83 775 152 841 nius
173 771 355 841 Saturninus
375 795 444 840 cum
467 774 591 866 legione
615 775 744 863 septima
764 771 936 840 Claudiana
949 774 1006 840 ad-

82 891 187 959 venit:
209 889 324 979 legioni
347 890 484 956 tribunus
507 889 690 979 Vipstauius
701 889 836 956 Messala
850 891 1004 978 praeerat,

79 1007 172 1073 claris
196 1005 376 1088 majoribus,
398 1005 543 1096 egregius
564 1007 651 1096 ipse,
672 1003 707 1072 dt
728 1006 783 1095 qui
803 1007 883 1072 solus
902 1007 941 1074 ad
969 1005 1004 1072 id

79 1113 197 1188 bellurn
219 1138 302 1188 artes
324 1121 413 1188 bonas
434 1121 605 1192 attulisset.
628 1121 700 1188 Has
726 1122 765 1188 ad
794 1123 916 1210 copias,
942 1144 1001 1188 nea

77 1259 230 1330 quaquam
245 1236 425 1306 Vitellianis
446 1257 535 1326 pares
557 1237 695 1328 (qnippe
717 1215 1001 1329 tres'adhnclegio

76 1375 132 1420 nes
148 1359 261 1438 mant)
276 1351 358 1420 misit
372 1353 517 1442 epistolas
527 1349 657 1420 Caecina
665 1403 676 1436 ,
696 1358 905 1422 temeritatem
918 1352 1003 1422 oilla

75 1491 174 1535 arma
196 1467 399 1538 erudientium
423 1468 579 1538 incusans:
601 1471 691 1538 simul
713 1474 826 1538 metus
840 1473 1001 1538 Gemani-

73 1590 102 1652 τι·
125 1587 306 1666 exercitus,
328 1583 465 1655 laudibus
487 1587 708 1670 attollebatur,
732 1586 859 1657 Vitellii
880 1586 1000 1653 modica

73 1699 108 1768 dt
131 1698 254 1790 vulgari
276 1702 455 1783 mentione,
477 1701 558 1768 nulla
580 1703 612 1768 in
636 1678 863 1793 Vespasianum
886 1719 999 1770 contu·

72 1817 186 1883 melia:
207 1813 285 1880 nihil
307 1836 448 1904 prorsus,
469 1817 551 1905 quod
565 1835 618 1884 aut
631 1834 844 1906 corrumperet
858 1817 1001 1894 hosttm3

72 1949 128 1998 aut
154 1946 311 1996 terreret.
342 1930 557 1996 Flavianarum
587 1932 735 2019 partium.
750 1933 863 2014 duces,
889 1931 1001 1998 omissa'

72 2044 188 2138 prioris
208 2041 342 2119 fortuna
364 2041 541 2109 defensione
550 2051 566 2125 ‚'
582 2051 640 2132 pr'o
662 2046 852 2134 Vespasiano
874 2047 997 2136 magui-⁴

73 2162 154 2244 fiee,
177 2181 237 2250 pro
258 2179 346 2226 causa
368 2158 518 2240 fidenter,
540 2159 581 2226 de
602 2159 689 2224 exin
703 2159 824 2241 securi,
844 2160 877 2226 in
889 2159 1000 2230 Vitel-

74 2281 176 2360 lium‚
202 2291 238 2342 ut
260 2276 396 2359 inimici,
417 2293 641 2364 praesumpsere
662 2280 754 2362 (ra);
774 2272 852 2342 falla
871 2275 1001 2340 tribunis

73 2392 367 2481 centurionibusque
394 2392 568 2474 retinendi,
590 2413 659 2478 qtae
681 2391 826 2460 Vitellius
852 2391 1001 2466 indulsis-

20 2575 21 2578 ,
73 2527 138 2592 set,
168 2531 239 2598 spe:
268 2525 361 2598 atque
393 2510 494 2598 ipsum
515 2506 683 2576 'Catinam
711 2533 774 2576 non
800 2510 928 2576 obscum
958 2507 998 2580 ad

74 2624 288 2693 transitionem
300 2625 518 2692 hortabantur.
535 2623 918 2716 Recitatmproconrione
929 2625 997 2716 epi·

74 2739 166 2806 stolae
189 2748 263 2827 (19)
284 2741 428 2808 addidere
452 2739 612 2824 fidutiam,
632 2743 877 2832 quodsubmisse
891 2740 996 2815 Caecis

21 2841 22 2844 ¹
74 2879 131 2939 na,
155 2855 245 2924 velut
265 2854 422 2924 offendere
446 2858 672 2947 Vespasianum
695 2861 828 2943 timens,
858 2860 996 2948 ipsorum

74 2971 165 3040 duces
188 2973 412 3064 contemptim,
442 2991 599 3063 tamquam
628 2975 811 3044 insultantes
840 2973 997 3052 Vitellio,
1033 2973 1039 2980 '

72 3088 276 3178 scripsissent.

471 3320 592 3378 Quot
