2492 3942
160 329 907 468 AN.U.C.DCCCXXII.AZRAEHR.<59R
940 345 997 402 ιιι

73 494 114 552 te
135 483 294 574 legionum
316 499 423 562 motu,
449 477 613 574 profugus,
634 480 708 548 dein
721 501 832 572 sponte
845 503 1002 549 remeave-

74 615 151 681 rat,
173 597 309 688 perfidia
331 597 431 662 iocum
452 597 594 684 quesisse
617 605 666 684 (7)
687 597 886 664 credebatur.
917 596 999 666 Nam

74 715 280 795 Flavianum,
302 713 410 778 omissa
421 709 577 780 Pannonia
585 762 596 794 ,
617 709 944 805 ingressumltaliam,
965 710 1002 780 ἀ

72 829 245 898 discrimini
266 843 467 916 exemptum,
488 849 591 894 rerum
615 851 761 896 novarum
782 830 893 919 cupido
913 830 1002 922 lega-

73 946 104 1013 ti
129 967 242 1015 nonen
266 965 441 1025 resumere,
463 941 498 1010 <ic
519 944 643 1010 misceri
664 944 800 1013 civifibus
821 947 912 1010 armis
940 947 999 1011 im-

71 1063 221 1153 pulerat,
249 1059 397 1127 suadente
418 1055 567 1126 Cornelio
588 1058 685 1127 Fusco
692 1087 703 1149 3
735 1085 795 1128 non
818 1060 887 1150 quia
907 1060 997 1128 iudu-

68 1179 160 1274 strim
174 1176 314 1244 Flaviani
336 1175 465 1266 egebat,
488 1174 540 1242 sed
554 1193 587 1242 ut
602 1177 764 1244 consulere
779 1195 911 1259 nomen,
932 1198 998 1243 snr÷

71 1293 215 1386 gentibus
236 1315 309 1360 cum
331 1292 464 1366 maxime
484 1291 620 1383 pertibus
645 1299 714 1381 (8),
743 1293 872 1359 honesta
900 1290 1000 1391 specie

71 1411 345 1498 praetenderetur.

162 1638 347 1709 Trabantur
372 1644 403 1707 in
422 1655 530 1730 partes
552 1642 626 1711 sido
648 1660 739 1732 atque
762 1640 910 1726 Italicus,

388 1779 473 1844 reges
496 1765 686 1826 suevorum.

130 1987 179 2056 V.
201 1983 376 2067 Ceterum,
399 2001 434 2051 ut
460 1957 677 2053 transmittere
696 1989 727 2052 in
751 1986 874 2053 Italiam
896 1987 998 2078 impu·

67 2123 113 2171 ne
137 2101 173 2168 ἀ
196 2101 265 2168 usui
285 2097 388 2182 foret,
411 2101 559 2190 scriptum
581 2097 709 2190 Aponio
737 2101 904 2168 Saturnino
931 2109 1001 2188 (9),

68 2241 143 2294 cum
165 2221 304 2286 exercitu
326 2217 450 2282 Merito
469 2215 632 2283 celeraret.
655 2213 706 2282 Ac
729 2237 769 2281 ne
780 2213 921 2280 inermes.
928 2239 1002 2304 pro·

71 2335 186 2402 uiritim
211 2331 342 2402 barbaris
367 2332 540 2400 nationibus
568 2349 821 2424 exponerentur,
849 2331 1001 2421 principes

70 2448 283 2518 Sarmatarum
300 2447 471 2541 Jazygum,
492 2471 588 2538 penes
602 2447 826 2538 quos'civitatis
839 2449 978 2540 regimen
987 2495 999 2531 ,

70 2566 103 2632 iu
127 2565 348 2633 commilitium
378 2564 487 2632 adsciti
518 2573 606 2652 (10).
640 2563 759 2631 pubem
787 2567 928 2655 quoque,
955 2563 999 2642 is

70 2684 142 2748 uim
165 2684 317 2764 equitum,
338 2702 397 2769 qua
427 2681 490 2754 solu
519 2681 643 2762 taient,
672 2680 858 2748 offerebant:
889 2684 997 2749 remis·

71 2817 141 2862 sum
165 2792 196 2860 id
219 2815 346 2876 munus,
367 2817 408 2862 ne
428 2795 512 2864 inter
533 2796 695 2867 discordias
706 2815 835 2864 externa
849 2797 997 2866 moliren-

75 2927 151 2994 tur,
173 2929 248 2991 aut,
270 2913 387 2992 majore
410 2931 448 2976 ex
470 2911 591 2978 diverso
622 2913 787 2996 mercede,
816 2917 863 2995 jus
892 2909 998 3005 fasq'ne

41 3077 43 3084 .
73 3043 243 3094 exuerent.
267 3023 450 3092 Trahuntur
472 3028 503 3094 in
526 3032 630 3118 partes
650 3025 724 3096 Sido
743 3047 838 3118 etque
852 3025 998 3115 Italicus,

75 3161 165 3232 reges
189 3141 382 3224 Suevorum,
403 3143 473 3231 quis
497 3154 585 3210 vetus
598 3144 775 3234 obsequium
791 3141 997 3236 ergaRoma·

76 3255 205 3342 11033&
227 3281 304 3350 gens
328 3257 399 3328 fidei
417 3259 590 3326 uommissae
613 3261 786 3350 patientior
813 3266 904 3348 (ιι).
934 3259 1000 3331 rm

77 3369 135 3434 sita
158 3371 289 3441 inlatus
311 3373 421 3442 auxilia
432 3423 443 3457 ,
464 3371 576 3444 infesta
590 3371 718 3458 Raetio,
739 3375 788 3442 cui
801 3371 928 3452 Porcius
941 3375 997 3444 Se·

78 3484 224 3570 primitius
253 3507 435 3580 procuratur
464 3505 551 3571 eret,
581 3489 771 3581 incorruptae
792 3511 867 3579 erga
889 3489 998 3562 Vitel-
1031 3572 1033 3577 Ι

623 3603 705 3681 Me
