2492 3942
206 222 915 310 AN.U.C.DCCCXX1LAER.CHR.69.
976 257 1038 309 2⁴⁹

766 392 779 445 i

31 517 33 520 ·
119 496 189 562 Pro
209 509 283 583 pace
308 511 408 563 tamen
430 512 484 560 aut
506 496 635 562 inductis
657 493 790 581 frustra
817 519 838 560 u
867 495 1040 570 Vitellianis

280 615 372 678 missi
394 612 486 698 legati
511 613 554 688 lo
575 614 713 698 uirgines
733 613 883 678 Vestales.

121 885 123 890 -
178 841 320 908 LXXX.
344 835 392 908 Eo
414 863 550 910 successu
573 843 679 910 studia
687 843 792 932 populi
805 841 909 911 autin:
932 843 1042 935 volgus

119 960 268 1024 urbanum
282 961 478 1048 armacepitt
500 957 610 1026 Paucis
631 976 719 1024 scuta
733 959 893 1026 militaria:
916 935 1041 1050 plures,

116 1075 237 1164 raptis,
260 1075 340 1163 qnod
362 1075 474 1164 cuique
497 1077 639 1156 obvium,
669 1076 757 1157 telis,
785 1081 903 1163 signum
929 1093 1041 1163 pugnae

115 1208 306 1280 exposcunt.
329 1187 412 1282 Agit
434 1209 538 1282 grates
567 1190 738 1273 Vitellius,
766 1190 801 1257 dt
829 1193 873 1258 ad
899 1192 1041 1257 tuendam

113 1286 231 1372 'Urbem
249 1322 452 1393 prorumpere
473 1302 680 1398 jubettMox
703 1321 813 1373 vocato
836 1324 963 1386 senatu,
985 1306 1041 1372 de-

115 1421 259 1512 liguntur
281 1421 378 1513 legati
400 1423 437 1486 ad
461 1423 630 1504 exercitus,
653 1441 688 1488 ut
708 1437 866 1514 ptaetexto
895 1421 1041 1511 reipubl·-

114 1559 160 1604 cae
184 1538 380 1604 concordiam
402 1559 570 1628 pacemque
591 1540 773 1611 suaderent.
797 1539 895 1616 Varia
915 1539 1041 1630 legato-

114 1676 184 1720 rum
208 1663 273 1717 sors
295 1649 370 1718 fuit.
393 1653 459 1744 Qsi
481 1651 596 1720 Petilio
610 1651 729 1722 Ceriali
742 1671 960 1734 occurrerant,
982 1676 1039 1719 ex-

89 1819 90 1824 η
115 1783 253 1835 tremum
276 1767 438 1834 discrimen
460 1769 584 1848 adime,
606 1789 789 1857 aspernante
808 1770 912 1836 milite
933 1769 1041 1834 condi-

115 1888 222 1949 tiones
243 1883 341 1970 pncis.
365 1881 563 1952 Vulneratur
584 1884 726 1971 prator,
747 1882 906 1950 Arulenus
928 1883 1040 1949 Rusti-

118 2021 174 2064 cus
198 2003 309 2086 (132).
322 1993 442 2062 ‘Auxit
457 1986 620 2078 inuidiam,
642 2019 735 2085 super
766 1999 912 2076 violatum
925 1989 929 1998 ’
942 2000 1039 2088 legati

116 2112 324 2204 praetorisque
346 2134 482 2194 nomen,
503 2114 628 2202 propria
641 2113 781 2202 dignatio
789 2114 871 2178 uiri.
892 2111 1042 2179 Palantur

116 2230 264 2294 comites:
288 2227 440 2295 occiditur
461 2231 616 2318 proximus
639 2227 726 2293 liuor
750 2235 864 2316 (133),
883 2229 1042 2295 dimovere

118 2343 239 2422 turlsam
262 2367 368 2433 ausus3
389 2343 442 2427 dt,
466 2345 499 2410 ni
519 2347 594 2413 dato
617 2369 634 2412 a
656 2345 735 2410 duce
756 2343 895 2434 praesidio
923 2337 1041 2413 defensi

117 2457 243 2542 forent,
266 2483 384 2528 sactum
408 2463 503 2528 etiam
527 2467 609 2528 inter
631 2479 756 2528 exteras
777 2480 887 2554 gentes
917 2463 1039 2553 legato·

119 2597 186 2640 rum
212 2579 258 2657 jus
279 2586 393 2665 (134),
414 2595 488 2644 ante
511 2578 574 2668 ipsa
597 2579 708 2668 patrias
721 2579 854 2666 moenia,
876 2579 974 2646 civilis
987 2601 1044 2646 ra·

120 2689 182 2754 bies
204 2694 350 2802 usquein
372 2696 501 2760 exitium
528 2711 726 2762 temerasset.
750 2693 952 2786 AEquioribus
971 2697 1038 2762 aui*

120 2805 178 2869 mis
199 2810 318 2896 accepti
341 2808 504 2899 sunt‚'qui
527 2811 564 2876 ad
588 2811 762 2877 Antonium
785 2831 952 2895 venerant,
974 2833 1038 2877 non

119 2920 190 3010 quia
213 2922 380 2989 modestior
402 2925 507 3008 miles,
529 2927 581 2992 sed
604 2928 674 2994 duci
699 2929 767 3016 plus
789 2929 995 2995 nodositatis.
1022 2953 1026 2958 ·

176 3036 336 3105 LXXXI.
367 3035 538 3108 Miscuerat
570 3063 615 3108 sex
632 3044 742 3135 legatis
771 3043 934 3110 Musonius
968 3041 1038 3109 Ru-

119 3145 167 3218 fus
195 3162 309 3244 (ης),
338 3160 486 3246 equestris
514 3159 646 3240 ordinis,
675 3160 809 3225 studium
838 3159 1038 3250 philosophia:

122 3262 156 3330 dt
177 3270 286 3356 placita
308 3271 482 3340 Stoicorum
512 3277 692 3356 amuletum
719 3260 937 3365 coeptabatque
967 3272 1038 3364 per'-

123 3381 233 3456 mixtus
260 3390 447 3478 manipulis,
475 3389 554 3457 bona
580 3395 670 3479 pacis
698 3411 735 3456 ac
763 3389 834 3456 belli
863 3391 1044 3474 discriminu-
