2492 3942
184 272 230 324 ,σο
394 245 741 324 HISTORIARUM
769 245 855 327 LIB.
877 246 903 320 Ῑ.

179 405 315 495 quesita
336 403 409 470 belli
431 425 535 470 causa.
558 401 635 490 Jussi
653 409 815 491 pecuniam
839 421 933 490 atque
952 422 1041 468 crntn
1054 395 1109 470 dc*

180 522 293 610 ferre,
307 520 459 614 gratuitos
473 519 597 609 insuper
610 537 798 586 commeatus
814 519 989 608 praebuere.
1010 512 1109 607 Quod

185 635 291 704 AEdui
305 632 475 704 ‚formidine
497 639 608 723 (ιη),
631 634 853 727 Lugdunenses
867 634 978 725 gaudio
991 630 1108 700 fecere.

183 752 249 820 Sed
272 751 355 844 legio
378 749 486 819 Italica
508 747 542 816 dt
564 751 611 818 ala
636 749 772 818 Taurica
798 749 950 816 abdubiaes
980 749 1109 816 Cobor⁴

187 879 253 934 lem
276 866 546 934 duodevicesimam
568 867 854 958 Lugdtmi,·snlitis
872 866 927 930 sibi
954 865 1107 945 hibernis,

189 982 319 1071 relinqui
343 981 475 1072 placuit.
504 981 645 1050 Manlius
672 983 809 1064 Valens,
838 983 958 1074 legatus
986 979 1108 1046 Italica.

181 1097 339 1188 legionis,
361 1119 545 1187 quamquam
567 1097 645 1164 bene
666 1098 706 1164 de
720 1098 854 1187 partibus
867 1099 1013 1177 meritus,
1032 1095 1108 1162 nul-

187 1214 218 1281 lo
240 1214 321 1302 apud
345 1214 510 1284 Vitellium
533 1212 651 1280 honore
671 1210 745 1281 fuit:
768 1214 893 1281 secretis
914 1235 986 1279 eum
1001 1211 1107 1278 crimi-

184 1330 357 1402 nationibus
378 1326 579 1396 infamaverat
601 1329 731 1410 Fabius,
751 1330 912 1420 ignarum,
933 1327 969 1394 dt
982 1351 1044 1416 quo
1057 1327 1107 1392 in·

186 1446 308 1512 cautior
329 1446 548 1534 deciperetur,
572 1446 672 1533 palam
697 1445 868 1534 laudatum.

183 1597 187 1604 -
245 1559 354 1630 LXV.
377 1561 533 1630 Veterem
555 1560 639 1628 inter
659 1561 881 1652 Lugdunenses
897 1554 1107 1630 Viennenses
1139 1581 1146 1590 “

186 1697 246 1764 que
268 1675 448 1742 discordiam
471 1675 645 1764 proximum
668 1677 782 1742 bellum
798 1686 892 1764 (125)
905 1678 1105 1745 accenderant

186 1793 294 1858 multae
318 1793 447 1858 invicem
460 1791 589 1873 clades,
611 1793 747 1858 crebrius
766 1790 984 1882 infestiusque,
1012 1815 1106 1881 quam

185 1924 220 1976 ut
244 1924 365 1974 tantum
387 1925 516 1998 propter
545 1907 703 1976 Neronem
731 1907 923 1999 Galbamque
953 1929 1106 1999 pugnare

185 2041 254 2090 tur.
276 2022 318 2089 Et
334 2022 433 2090 Galba
449 2025 565 2091 reditus
579 2023 853 2117 Lugdunensium,
868 2025 1025 2090 occasione
1036 2025 1106 2106 irae,

183 2139 215 2204 in
239 2137 340 2208 fiscum
371 2155 525 2208 verterat.
556 2139 682 2208 Multus
709 2159 819 2207 contra
847 2143 880 2206 in
911 2140 1107 2209 Viennenses

183 2255 298 2323 honor:
321 2256 402 2323 unde
424 2257 601 2338 aemulatio,
630 2255 666 2323 dt
695 2258 829 2337 invidia,
857 2255 894 2322 dt
922 2278 985 2324 uuo
1014 2276 1107 2322 amne
1196 2336 1201 2353 Ι

182 2370 320 2438 discretis
339 2393 511 2440 connexum
534 2371 659 2440 odium.
680 2370 782 2461 Igitur
803 2371 1029 2464 Lugdunenses
1049 2394 1107 2437 ex-

182 2486 338 2552 stimulare
359 2485 492 2576 singulos
513 2485 666 2566 militum,
691 2485 726 2553 dc
751 2489 783 2552 in
798 2489 992 2555 eversionem
1004 2489 1106 2556 Vien-

69 2689 71 2694 ,
182 2599 318 2674 sensium
335 2599 513 2688 impellere,
535 2597 689 2668 obsessam
704 2602 743 2669 ab
756 2604 822 2670 illis
833 2606 1106 2695 coionisnasusnz,
1127 2630 1129 2635 ’

182 2717 307 2800 sciuros
329 2717 463 2782 Vindicis
485 2734 635 2799 conatus,
667 2723 857 2806 conscriptas
886 2736 984 2807 nuper
1014 2719 1108 2807 legio·

182 2849 236 2898 nes
259 2835 291 2897 in
312 2831 493 2917 presidium
513 2831 618 2900 catha
641 2832 821 2902 referendo.
865 2833 908 2900 Et
932 2834 1107 2902 ubicausas

181 2946 319 3012 odiorum
334 2947 587 3035 praetenderant,
610 2951 856 3041 magnitudinem
870 2952 986 3040 praedae
1001 2968 1108 3017 osten-

181 3060 310 3126 debant.
335 3060 402 3130 Nec
424 3065 485 3144 jam
514 3083 633 3132 secreta
666 3066 859 3148 exhortatio,
893 3068 946 3134 sed
975 3067 1107 3156 publica

179 3197 304 3274 preces:
341 3185 434 3278 irent
459 3179 594 3262 ultores,
624 3184 832 3276 exscinderent
860 3181 961 3250 sedem
992 3183 1107 3248 Gallici

180 3291 267 3358 belii:
284 3293 396 3362 *canna
419 3295 483 3365 illic
505 3314 629 3366 externa
652 3287 707 3370 dar,
723 3297 867 3367 hostilia:
897 3320 930 3366 se
957 3297 1110 3364 coloniam

75 3427 79 3436 ·
182 3409 483 3502 Romanamque)
506 3409 548 3488 ln
567 3429 694 3501 partem
716 3410 891 3497 exercitiis,
912 3413 957 3490 is·
976 3428 1107 3502 prospe-
