2492 3942
178 290 889 401 nuucocccxxu.nuenton.
953 323 1018 374 ns

88 444 178 512 nullo
200 443 339 525 teliore,
358 465 431 508 suus
453 465 605 532 quemque
620 445 753 533 impetus
764 445 814 510 vel
829 467 926 534 pavor
940 467 1014 511 con-

88 545 252 641 traheret,
282 559 505 625 diduceretve.
538 557 704 648 Postquam
734 563 889 649 perculsos
920 562 1014 628 sensit

85 677 275 758 Antonius,
298 677 393 742 denso
412 676 534 766 agmine
557 675 752 744 obturbabat:
775 678 870 744 laxati
893 677 1015 744 ordines

82 795 335 882 abrumpuntnr:
359 813 417 856 nec
448 792 569 856 restitui
599 792 744 880 quivere,
778 792 1015 884 impedientibus

86 907 241 978 vehiculis
263 907 505 995 tormentisque.
528 905 591 974 Per
615 909 746 975 limitem
777 912 835 976 viae
862 931 1013 1001 spargun-

88 1043 163 1106 tut,
186 1023 378 1093 consedendi
401 1020 616 1106 festinatione,
642 1025 785 1092 viliores.
814 1027 863 1092 Eo
891 1026 1013 1093 notabi-

83 1143 150 1208 lior
173 1141 274 1207 oaedes
296 1137 375 1221 fuit,
397 1142 467 1228 quia
490 1139 567 1206 filius
589 1158 711 1230 patrem
726 1140 902 1208 interfecit.
925 1141 1011 1210 Rem

84 1258 292 1346 nominaque,
309 1255 431 1321 aublore
444 1255 609 1346 Vipstanio
623 1257 783 1340 Messala,
800 1258 936 1325 tradam.
958 1257 1012 1342 Ju-

85 1375 143 1440 lius
165 1372 366 1452 Mansuetus,
391 1394 431 1438 ex
453 1372 624 1462 Hispania,
647 1374 768 1464 Rapaci
788 1375 904 1466 legioni
926 1373 1012 1441 addi-

86 1507 149 1571 tus,
172 1489 327 1578 impubem
350 1488 448 1554 filiuni
462 1490 544 1556 domi
560 1492 713 1581 liquerat:
736 1493 761 1556 is
782 1515 853 1557 mox
867 1492 1009 1574 adultus,
1047 1485 1052 1496 ⁸

28 1650 36 1659 -
83 1605 169 1671 inter
193 1606 376 1694 septimanos
396 1629 414 1670 a
437 1605 535 1673 Galba
557 1610 766 1697 conscriptus,
787 1608 924 1675 oblatum
944 1605 1010 1674 for-

82 1739 115 1786 te
137 1739 282 1812 putrem,
304 1721 339 1787 &
362 1722 492 1788 vulnere
511 1741 664 1804 stratum,
695 1727 769 1790 dum
799 1725 1011 1791 semianimem

84 1855 268 1918 scrutatur,
291 1837 439 1926 agnitus,
458 1843 722 1928 agnoscensque,
759 1839 794 1907 cic
824 1857 1011 1930 exsanguem

84 1954 273 2042 amplexus,
303 1971 379 2017 voce
414 1951 512 2016 flebili.
536 1953 721 2040 precabatur
751 1956 886 2041 placatos
913 1953 1011 2043 patris

85 2089 199 2133 manes
218 2073 308 2152 (54),
335 2085 408 2130 neue
430 2087 461 2131 se
487 2083 520 2132 ut
547 2069 742 2154 parricidam
770 2087 1011 2136 aversarentur:

82 2184 241 2273 publicum
263 2184 298 2248 id
309 2179 459 2268 facinus;
484 2180 529 2256 lm
546 2183 644 2246 'unum
665 2183 794 2248 militem
816 2200 941 2268 quotam
969 2186 1013 2249 cl-

85 2299 200 2367 uiliiem
220 2303 393 2365 armorum.
403 2301 557 2384 partem?
575 2297 677 2364 Simul
704 2297 853 2364 retollere
882 2320 1012 2386 corpus,

86 2417 206 2505 aperire
229 2412 374 2494 humum,
397 2417 540 2503 supremo
562 2435 639 2506 erga
652 2432 815 2504 parentem
830 2410 1011 2493 officiofun·

87 2535 118 2622 gi
127 2581 144 2595 .,
160 2529 342 2599 Advertere
353 2531 506 2620 proximi,
520 2531 633 2598 deinde
646 2532 765 2620 plures:
788 2533 859 2601 binc
874 2538 930 2622 'per
943 2555 1011 2601 om,

85 2668 160 2712 nem
176 2648 273 2714 aciem
287 2647 485 2729 miraculum,
507 2647 543 2716 bt
558 2655 703 2738 questus,
725 2647 760 2716 bt
774 2650 928 2722 sanissimi
942 2651 1007 2719 bel-

89 2761 112 2824 li
134 2762 413 2831 exsecratio..Nec
435 2787 473 2831 eo
493 2766 622 2858 segnius
643 2765 847 2855 propinquos,
876 2767 1007 2849 adfines,

87 2873 199 2944 fratres
223 2879 389 2946 trucidatos
410 2887 483 2972 (55)
506 2882 656 2974 spoliant:
679 2879 791 2950 fadum
812 2905 880 2952 esse
909 2859 1010 2952 scelus

89 2992 273 3084 loquuntur,
295 2991 491 3087 faciuntque.
