<?xml version="1.0" encoding="UTF-8"?>
<!DOCTYPE html PUBLIC "-//W3C//DTD XHTML 1.0 Transitional//EN"
    "http://www.w3.org/TR/xhtml1/DTD/xhtml1-transitional.dtd">
<html xmlns="http://www.w3.org/1999/xhtml" xml:lang="en" lang="en">
 <head>
  <title>
</title>
<meta http-equiv="Content-Type" content="text/html;charset=utf-8" />
  <meta name='ocr-system' content='tesseract 3.04.00' />
  <meta name='ocr-capabilities' content='ocr_page ocr_carea ocr_par ocr_line ocrx_word'/>
</head>
<body>
  <div class='ocr_page' id='page_1' title='image "./ccorneliitaciti00bettgoog_0069.png"; bbox 0 0 2492 3942; ppageno 0'>
   <div class='ocr_carea' id='block_1_1' title="bbox 237 281 1061 364">
    <p class='ocr_par' dir='ltr' id='par_1_1' title="bbox 237 281 1061 364">
     <span class='ocr_line' id='line_1_1' title="bbox 237 281 1061 364; baseline 0.001 -10"><span class='ocrx_word' id='word_1_1' title='bbox 237 281 947 364; x_wconf 79' lang='lat' dir='ltr'>AN.U.C.DCCCXXII.AER.CHR.69.</span> <span class='ocrx_word' id='word_1_2' title='bbox 1021 299 1061 356; x_wconf 73' lang='lat' dir='ltr'>sn</span> 
     </span>
    </p>
   </div>
   <div class='ocr_carea' id='block_1_2' title="bbox 47 435 1153 2966">
    <p class='ocr_par' dir='ltr' id='par_1_2' title="bbox 101 435 1062 637">
     <span class='ocr_line' id='line_1_2' title="bbox 101 435 1062 523; baseline -0.006 -18"><span class='ocrx_word' id='word_1_3' title='bbox 101 471 108 484; x_wconf 45' lang='grc' dir='ltr'><em>ν</em></span> <span class='ocrx_word' id='word_1_4' title='bbox 140 459 251 505; x_wconf 78' lang='lat' dir='ltr'>rarum</span> <span class='ocrx_word' id='word_1_5' title='bbox 273 437 525 521; x_wconf 80' lang='lat' dir='ltr'>adversarumque</span> <span class='ocrx_word' id='word_1_6' title='bbox 545 458 649 502; x_wconf 84' lang='lat' dir='ltr'>rerum</span> <span class='ocrx_word' id='word_1_7' title='bbox 670 443 789 503; x_wconf 86' lang='lat' dir='ltr'>socios:</span> <span class='ocrx_word' id='word_1_8' title='bbox 809 435 979 523; x_wconf 78' lang='lat' dir='ltr'>sisortuna</span> <span class='ocrx_word' id='word_1_9' title='bbox 992 455 1062 502; x_wconf 84' lang='lat' dir='ltr'>corr·</span> 
     </span>
     <span class='ocr_line' id='line_1_3' title="bbox 142 551 786 637; baseline -0.003 -19"><span class='ocrx_word' id='word_1_10' title='bbox 142 571 194 619; x_wconf 81' lang='lat' dir='ltr'>rra</span> <span class='ocrx_word' id='word_1_11' title='bbox 215 555 326 631; x_wconf 79' lang='lat' dir='ltr'>darer,</span> <span class='ocrx_word' id='word_1_12' title='bbox 348 553 443 616; x_wconf 73' lang='lat' dir='ltr'>iratis</span> <span class='ocrx_word' id='word_1_13' title='bbox 466 573 502 616; x_wconf 83' lang='lat' dir='ltr'>ne</span> <span class='ocrx_word' id='word_1_14' title='bbox 523 551 786 637; x_wconf 80' lang='lat' dir='ltr'>relinquerentur.</span> 
     </span>
    </p>

    <p class='ocr_par' dir='ltr' id='par_1_3' title="bbox 47 663 1153 2966">
     <span class='ocr_line' id='line_1_4' title="bbox 200 663 1062 755; baseline -0.005 -21"><span class='ocrx_word' id='word_1_15' title='bbox 200 664 327 735; x_wconf 90' lang='lat' dir='ltr'><strong>LXVI.</strong></span> <span class='ocrx_word' id='word_1_16' title='bbox 349 665 412 730; x_wconf 92' lang='lat' dir='ltr'>His</span> <span class='ocrx_word' id='word_1_17' title='bbox 434 663 469 732; x_wconf 84' lang='lat' dir='ltr'>dt</span> <span class='ocrx_word' id='word_1_18' title='bbox 491 664 624 755; x_wconf 88' lang='lat' dir='ltr'>pluribus</span> <span class='ocrx_word' id='word_1_19' title='bbox 648 669 679 731; x_wconf 92' lang='lat' dir='ltr'>in</span> <span class='ocrx_word' id='word_1_20' title='bbox 695 669 836 734; x_wconf 87' lang='lat' dir='ltr'>eumdem</span> <span class='ocrx_word' id='word_1_21' title='bbox 851 665 977 732; x_wconf 84' lang='lat' dir='ltr'>modum</span> <span class='ocrx_word' id='word_1_22' title='bbox 990 684 1062 752; x_wconf 86' lang='lat' dir='ltr'>per·</span> 
     </span>
     <span class='ocr_line' id='line_1_5' title="bbox 142 777 1064 875; baseline -0.007 -25"><span class='ocrx_word' id='word_1_23' title='bbox 142 777 304 875; x_wconf 79' lang='lat' dir='ltr'>pulcram,</span> <span class='ocrx_word' id='word_1_24' title='bbox 326 799 361 847; x_wconf 87' lang='lat' dir='ltr'>nr</span> <span class='ocrx_word' id='word_1_25' title='bbox 385 803 425 846; x_wconf 89' lang='lat' dir='ltr'>ne</span> <span class='ocrx_word' id='word_1_26' title='bbox 449 781 546 872; x_wconf 88' lang='lat' dir='ltr'>legati</span> <span class='ocrx_word' id='word_1_27' title='bbox 567 782 710 872; x_wconf 86' lang='lat' dir='ltr'>quidem,</span> <span class='ocrx_word' id='word_1_28' title='bbox 733 807 768 848; x_wconf 90' lang='lat' dir='ltr'>ac</span> <span class='ocrx_word' id='word_1_29' title='bbox 789 784 879 848; x_wconf 89' lang='lat' dir='ltr'>duces</span> <span class='ocrx_word' id='word_1_30' title='bbox 908 781 1064 869; x_wconf 87' lang='lat' dir='ltr'>partium,</span> 
     </span>
     <span class='ocr_line' id='line_1_6' title="bbox 140 896 1064 988; baseline -0.003 -23"><span class='ocrx_word' id='word_1_31' title='bbox 140 898 289 988; x_wconf 73' lang='lat' dir='ltr'>restingui</span> <span class='ocrx_word' id='word_1_32' title='bbox 310 919 397 986; x_wconf 91' lang='lat' dir='ltr'>posse</span> <span class='ocrx_word' id='word_1_33' title='bbox 426 896 611 964; x_wconf 85' lang='lat' dir='ltr'><strong>iracundiam</strong></span> <span class='ocrx_word' id='word_1_34' title='bbox 641 900 797 966; x_wconf 74' lang='lat' dir='ltr'>exercitiis</span> <span class='ocrx_word' id='word_1_35' title='bbox 823 897 1064 964; x_wconf 77' lang='lat' dir='ltr'>arbitrarenturc</span> 
     </span>
     <span class='ocr_line' id='line_1_7' title="bbox 140 1012 1063 1102; baseline -0.005 -20"><span class='ocrx_word' id='word_1_36' title='bbox 140 1037 210 1082; x_wconf 91' lang='lat' dir='ltr'>cum</span> <span class='ocrx_word' id='word_1_37' title='bbox 234 1013 314 1078; x_wconf 90' lang='lat' dir='ltr'>haud</span> <span class='ocrx_word' id='word_1_38' title='bbox 337 1012 436 1102; x_wconf 88' lang='lat' dir='ltr'>ignari</span> <span class='ocrx_word' id='word_1_39' title='bbox 457 1012 640 1078; x_wconf 81' lang='lat' dir='ltr'>discriminis</span> <span class='ocrx_word' id='word_1_40' title='bbox 662 1015 707 1080; x_wconf 87' lang='lat' dir='ltr'>sui</span> <span class='ocrx_word' id='word_1_41' title='bbox 736 1015 950 1094; x_wconf 82' lang='lat' dir='ltr'>Viennenses,</span> <span class='ocrx_word' id='word_1_42' title='bbox 978 1012 1063 1078; x_wconf 83' lang='lat' dir='ltr'>vela·</span> 
     </span>
     <span class='ocr_line' id='line_1_8' title="bbox 141 1124 1064 1220; baseline -0.007 -23"><span class='ocrx_word' id='word_1_43' title='bbox 141 1146 244 1197; x_wconf 87' lang='lat' dir='ltr'>menta</span> <span class='ocrx_word' id='word_1_44' title='bbox 266 1127 301 1195; x_wconf 79' lang='lat' dir='ltr'>dt</span> <span class='ocrx_word' id='word_1_45' title='bbox 323 1125 431 1194; x_wconf 87' lang='lat' dir='ltr'>infulas</span> <span class='ocrx_word' id='word_1_46' title='bbox 446 1124 667 1218; x_wconf 72' lang='lat' dir='ltr'>praeferentes,</span> <span class='ocrx_word' id='word_1_47' title='bbox 694 1130 745 1196; x_wconf 89' lang='lat' dir='ltr'>ubi</span> <span class='ocrx_word' id='word_1_48' title='bbox 760 1151 872 1220; x_wconf 80' lang='lat' dir='ltr'>agmen</span> <span class='ocrx_word' id='word_1_49' title='bbox 886 1129 1064 1208; x_wconf 82' lang='lat' dir='ltr'>incesserat,</span> 
     </span>
     <span class='ocr_line' id='line_1_9' title="bbox 139 1243 1064 1336; baseline -0.006 -23"><span class='ocrx_word' id='word_1_50' title='bbox 139 1269 242 1328; x_wconf 87' lang='lat' dir='ltr'>arma,</span> <span class='ocrx_word' id='word_1_51' title='bbox 264 1267 386 1336; x_wconf 83' lang='lat' dir='ltr'>genua,</span> <span class='ocrx_word' id='word_1_52' title='bbox 410 1243 538 1336; x_wconf 82' lang='lat' dir='ltr'>vestigia</span> <span class='ocrx_word' id='word_1_53' title='bbox 560 1245 752 1336; x_wconf 86' lang='lat' dir='ltr'>prensando,</span> <span class='ocrx_word' id='word_1_54' title='bbox 783 1245 901 1310; x_wconf 83' lang='lat' dir='ltr'>flexere</span> <span class='ocrx_word' id='word_1_55' title='bbox 931 1243 1064 1308; x_wconf 86' lang='lat' dir='ltr'>militurn</span> 
     </span>
     <span class='ocr_line' id='line_1_10' title="bbox 140 1356 1065 1451; baseline -0.01 -22"><span class='ocrx_word' id='word_1_56' title='bbox 140 1363 282 1429; x_wconf 89' lang='lat' dir='ltr'>animos.</span> <span class='ocrx_word' id='word_1_57' title='bbox 304 1356 435 1428; x_wconf 87' lang='lat' dir='ltr'>Addidit</span> <span class='ocrx_word' id='word_1_58' title='bbox 459 1359 579 1430; x_wconf 87' lang='lat' dir='ltr'>Valens</span> <span class='ocrx_word' id='word_1_59' title='bbox 602 1379 745 1428; x_wconf 86' lang='lat' dir='ltr'>trecenos</span> <span class='ocrx_word' id='word_1_60' title='bbox 767 1360 899 1451; x_wconf 83' lang='lat' dir='ltr'>singulis</span> <span class='ocrx_word' id='word_1_61' title='bbox 919 1357 1065 1423; x_wconf 79' lang='lat' dir='ltr'>militibus</span> 
     </span>
     <span class='ocr_line' id='line_1_11' title="bbox 141 1474 1064 1570; baseline -0.009 -26"><span class='ocrx_word' id='word_1_62' title='bbox 141 1475 297 1544; x_wconf 85' lang='lat' dir='ltr'>sestertios</span> <span class='ocrx_word' id='word_1_63' title='bbox 319 1483 425 1564; x_wconf 80' lang='lat'>(127)=</span> <span class='ocrx_word' id='word_1_64' title='bbox 448 1492 514 1541; x_wconf 89' lang='lat' dir='ltr'>tum</span> <span class='ocrx_word' id='word_1_65' title='bbox 545 1495 680 1544; x_wconf 86' lang='lat' dir='ltr'>vetustas</span> <span class='ocrx_word' id='word_1_66' title='bbox 709 1479 905 1570; x_wconf 82' lang='lat' dir='ltr'>dignitasque</span> <span class='ocrx_word' id='word_1_67' title='bbox 932 1474 1064 1540; x_wconf 81' lang='lat' dir='ltr'>coloniae</span> 
     </span>
     <span class='ocr_line' id='line_1_12' title="bbox 143 1589 1065 1678; baseline -0.008 -19"><span class='ocrx_word' id='word_1_68' title='bbox 143 1589 314 1674; x_wconf 80' lang='lat' dir='ltr'>valuir,-&amp;</span> <span class='ocrx_word' id='word_1_69' title='bbox 344 1593 445 1658; x_wconf 84' lang='lat' dir='ltr'>verba·</span> <span class='ocrx_word' id='word_1_70' title='bbox 463 1591 565 1676; x_wconf 89' lang='lat' dir='ltr'>Fabii,</span> <span class='ocrx_word' id='word_1_71' title='bbox 596 1594 728 1661; x_wconf 88' lang='lat' dir='ltr'>salutern</span> <span class='ocrx_word' id='word_1_72' title='bbox 756 1592 1065 1678; x_wconf 80' lang='lat' dir='ltr'>incolumitatemque</span> 
     </span>
     <span class='ocr_line' id='line_1_13' title="bbox 141 1709 1062 1799; baseline -0.011 -21"><span class='ocrx_word' id='word_1_73' title='bbox 141 1709 368 1780; x_wconf 85' lang='lat' dir='ltr'>Viennensium</span> <span class='ocrx_word' id='word_1_74' title='bbox 389 1709 653 1792; x_wconf 88' lang='lat' dir='ltr'>commendantis,</span> <span class='ocrx_word' id='word_1_75' title='bbox 675 1712 770 1799; x_wconf 80' lang='lat' dir='ltr'>aequis</span> <span class='ocrx_word' id='word_1_76' title='bbox 783 1710 903 1775; x_wconf 89' lang='lat' dir='ltr'>auribus</span> <span class='ocrx_word' id='word_1_77' title='bbox 917 1721 1062 1794; x_wconf 76' lang='lat' dir='ltr'>acceptat</span> 
     </span>
     <span class='ocr_line' id='line_1_14' title="bbox 144 1819 1065 1916; baseline -0.009 -26"><span class='ocrx_word' id='word_1_78' title='bbox 144 1825 264 1916; x_wconf 87' lang='lat' dir='ltr'>publice</span> <span class='ocrx_word' id='word_1_79' title='bbox 285 1842 390 1890; x_wconf 86' lang='lat' dir='ltr'>tamen</span> <span class='ocrx_word' id='word_1_80' title='bbox 405 1825 497 1888; x_wconf 88' lang='lat' dir='ltr'>armis</span> <span class='ocrx_word' id='word_1_81' title='bbox 512 1825 667 1906; x_wconf 77' lang='lat' dir='ltr'>muldlati,</span> <span class='ocrx_word' id='word_1_82' title='bbox 690 1825 817 1914; x_wconf 80' lang='lat' dir='ltr'>privatis</span> <span class='ocrx_word' id='word_1_83' title='bbox 830 1821 866 1891; x_wconf 82' lang='lat' dir='ltr'>dr</span> <span class='ocrx_word' id='word_1_84' title='bbox 881 1819 1065 1911; x_wconf 85' lang='lat' dir='ltr'>promiscuis</span> 
     </span>
     <span class='ocr_line' id='line_1_15' title="bbox 140 1934 1064 2027; baseline -0.005 -21"><span class='ocrx_word' id='word_1_85' title='bbox 140 1940 236 2027; x_wconf 89' lang='lat' dir='ltr'>copiis</span> <span class='ocrx_word' id='word_1_86' title='bbox 259 1941 364 2017; x_wconf 86' lang='lat' dir='ltr'>juvere</span> <span class='ocrx_word' id='word_1_87' title='bbox 390 1939 535 2004; x_wconf 81' lang='lat' dir='ltr'>militem.</span> <span class='ocrx_word' id='word_1_88' title='bbox 557 1939 618 2006; x_wconf 84' lang='lat' dir='ltr'>Sed</span> <span class='ocrx_word' id='word_1_89' title='bbox 641 1938 721 2006; x_wconf 86' lang='lat' dir='ltr'>fama</span> <span class='ocrx_word' id='word_1_90' title='bbox 741 1957 884 2007; x_wconf 85' lang='lat' dir='ltr'>constans</span> <span class='ocrx_word' id='word_1_91' title='bbox 906 1934 985 2018; x_wconf 87' lang='lat' dir='ltr'>fuit,</span> <span class='ocrx_word' id='word_1_92' title='bbox 1016 1939 1064 2022; x_wconf 80' lang='lat' dir='ltr'>ip·</span> 
     </span>
     <span class='ocr_line' id='line_1_16' title="bbox 143 2051 1065 2142; baseline -0.007 -22"><span class='ocrx_word' id='word_1_93' title='bbox 143 2075 216 2120; x_wconf 85' lang='lat' dir='ltr'>sum</span> <span class='ocrx_word' id='word_1_94' title='bbox 236 2051 391 2117; x_wconf 76' lang='lat' dir='ltr'>Valentem</span> <span class='ocrx_word' id='word_1_95' title='bbox 417 2073 529 2138; x_wconf 78' lang='lat' dir='ltr'>magna</span> <span class='ocrx_word' id='word_1_96' title='bbox 546 2059 673 2140; x_wconf 76' lang='lat' dir='ltr'>pecunia</span> <span class='ocrx_word' id='word_1_97' title='bbox 692 2071 843 2142; x_wconf 79' lang='lat' dir='ltr'>emptum.</span> <span class='ocrx_word' id='word_1_98' title='bbox 865 2051 896 2116; x_wconf 89' lang='lat' dir='ltr'>Is</span> <span class='ocrx_word' id='word_1_99' title='bbox 923 2054 976 2118; x_wconf 85' lang='lat' dir='ltr'>diu</span> <span class='ocrx_word' id='word_1_100' title='bbox 998 2072 1065 2114; x_wconf 89' lang='lat' dir='ltr'>sor·</span> 
     </span>
     <span class='ocr_line' id='line_1_17' title="bbox 141 2163 1065 2256; baseline -0.011 -20"><span class='ocrx_word' id='word_1_101' title='bbox 141 2168 250 2248; x_wconf 88' lang='lat' dir='ltr'>didus,</span> <span class='ocrx_word' id='word_1_102' title='bbox 271 2182 403 2256; x_wconf 83' lang='lat' dir='ltr'>repente</span> <span class='ocrx_word' id='word_1_103' title='bbox 424 2165 528 2245; x_wconf 89' lang='lat' dir='ltr'>dives,</span> <span class='ocrx_word' id='word_1_104' title='bbox 553 2167 756 2232; x_wconf 87' lang='lat' dir='ltr'>mutationem</span> <span class='ocrx_word' id='word_1_105' title='bbox 775 2163 907 2231; x_wconf 77' lang='lat' dir='ltr'>fortunae</span> <span class='ocrx_word' id='word_1_106' title='bbox 923 2165 1002 2233; x_wconf 87' lang='lat' dir='ltr'>male</span> <span class='ocrx_word' id='word_1_107' title='bbox 1015 2179 1065 2227; x_wconf 83' lang='lat' dir='ltr'>te-</span> 
     </span>
     <span class='ocr_line' id='line_1_18' title="bbox 70 2278 1153 2382; baseline -0.006 -32"><span class='ocrx_word' id='word_1_108' title='bbox 70 2377 73 2382; x_wconf 20' lang='grc' dir='ltr'>Ι</span> <span class='ocrx_word' id='word_1_109' title='bbox 142 2285 254 2378; x_wconf 84' lang='lat' dir='ltr'>gebat,</span> <span class='ocrx_word' id='word_1_110' title='bbox 276 2282 408 2350; x_wconf 86' lang='lat' dir='ltr'>accensis</span> <span class='ocrx_word' id='word_1_111' title='bbox 428 2297 571 2374; x_wconf 87' lang='lat' dir='ltr'>egestare</span> <span class='ocrx_word' id='word_1_112' title='bbox 584 2283 677 2373; x_wconf 89' lang='lat' dir='ltr'>longa</span> <span class='ocrx_word' id='word_1_113' title='bbox 690 2280 896 2372; x_wconf 86' lang='lat' dir='ltr'>cupidinibus,</span> <span class='ocrx_word' id='word_1_114' title='bbox 917 2278 1067 2344; x_wconf 85' lang='lat' dir='ltr'>immode-</span> <span class='ocrx_word' id='word_1_115' title='bbox 1149 2354 1153 2360; x_wconf 10' lang='grc' dir='ltr'><strong><em>Δ</em></strong></span> 
     </span>
     <span class='ocr_line' id='line_1_19' title="bbox 143 2392 1066 2489; baseline -0.011 -23"><span class='ocrx_word' id='word_1_116' title='bbox 143 2419 244 2482; x_wconf 88' lang='lat' dir='ltr'>rarus,</span> <span class='ocrx_word' id='word_1_117' title='bbox 266 2397 299 2466; x_wconf 83' lang='lat' dir='ltr'>dr</span> <span class='ocrx_word' id='word_1_118' title='bbox 323 2399 407 2488; x_wconf 88' lang='lat' dir='ltr'>inopi</span> <span class='ocrx_word' id='word_1_119' title='bbox 430 2401 578 2481; x_wconf 79' lang='lat' dir='ltr'>juventa,</span> <span class='ocrx_word' id='word_1_120' title='bbox 599 2419 692 2464; x_wconf 81' lang='lat' dir='ltr'>senex</span> <span class='ocrx_word' id='word_1_121' title='bbox 706 2397 867 2489; x_wconf 82' lang='lat' dir='ltr'>prodigus.</span> <span class='ocrx_word' id='word_1_122' title='bbox 888 2396 996 2464; x_wconf 86' lang='lat' dir='ltr'>Lento</span> <span class='ocrx_word' id='word_1_123' title='bbox 1010 2392 1066 2459; x_wconf 61' lang='lat' dir='ltr'>de,</span> 
     </span>
     <span class='ocr_line' id='line_1_20' title="bbox 47 2509 1067 2608; baseline -0.008 -26"><span class='ocrx_word' id='word_1_124' title='bbox 47 2598 50 2604; x_wconf 89' lang='lat'>.</span> <span class='ocrx_word' id='word_1_125' title='bbox 143 2516 214 2582; x_wconf 85' lang='lat' dir='ltr'>inde</span> <span class='ocrx_word' id='word_1_126' title='bbox 235 2517 376 2607; x_wconf 86' lang='lat' dir='ltr'>agmine,</span> <span class='ocrx_word' id='word_1_127' title='bbox 400 2535 455 2603; x_wconf 82' lang='lat' dir='ltr'>per</span> <span class='ocrx_word' id='word_1_128' title='bbox 485 2512 560 2580; x_wconf 84' lang='lat' dir='ltr'>fines</span> <span class='ocrx_word' id='word_1_129' title='bbox 588 2509 793 2608; x_wconf 84' lang='lat' dir='ltr'>Allobrogum</span> <span class='ocrx_word' id='word_1_130' title='bbox 822 2511 859 2580; x_wconf 78' lang='lat' dir='ltr'>dc</span> <span class='ocrx_word' id='word_1_131' title='bbox 887 2511 1067 2585; x_wconf 83' lang='lat' dir='ltr'>Vocontio-</span> 
     </span>
     <span class='ocr_line' id='line_1_21' title="bbox 144 2619 1064 2721; baseline -0.005 -23"><span class='ocrx_word' id='word_1_132' title='bbox 144 2653 233 2712; x_wconf 87' lang='lat' dir='ltr'>rum,</span> <span class='ocrx_word' id='word_1_133' title='bbox 254 2631 357 2696; x_wconf 71' lang='lat' dir='ltr'>dubius</span> <span class='ocrx_word' id='word_1_134' title='bbox 378 2631 544 2697; x_wconf 79' lang='lat' dir='ltr'>exercitus:</span> <span class='ocrx_word' id='word_1_135' title='bbox 568 2631 630 2721; x_wconf 87' lang='lat' dir='ltr'>ipsa</span> <span class='ocrx_word' id='word_1_136' title='bbox 644 2632 792 2698; x_wconf 84' lang='lat' dir='ltr'>itinerum</span> <span class='ocrx_word' id='word_1_137' title='bbox 808 2631 925 2719; x_wconf 88' lang='lat' dir='ltr'>spatia,</span> <span class='ocrx_word' id='word_1_138' title='bbox 950 2619 1064 2696; x_wconf 83' lang='lat' dir='ltr'>&amp;sta-</span> 
     </span>
     <span class='ocr_line' id='line_1_22' title="bbox 145 2743 1064 2834; baseline -0.007 -21"><span class='ocrx_word' id='word_1_139' title='bbox 145 2745 279 2813; x_wconf 86' lang='lat' dir='ltr'>tivorum</span> <span class='ocrx_word' id='word_1_140' title='bbox 300 2747 486 2812; x_wconf 87' lang='lat' dir='ltr'>mutationes</span> <span class='ocrx_word' id='word_1_141' title='bbox 501 2746 681 2814; x_wconf 88' lang='lat' dir='ltr'>venditante</span> <span class='ocrx_word' id='word_1_142' title='bbox 695 2749 791 2834; x_wconf 70' lang='lat' dir='ltr'>duce,</span> <span class='ocrx_word' id='word_1_143' title='bbox 813 2743 903 2814; x_wconf 84' lang='lat' dir='ltr'>foedis</span> <span class='ocrx_word' id='word_1_144' title='bbox 918 2744 1064 2834; x_wconf 68' lang='lat' dir='ltr'>pallioni-</span> 
     </span>
     <span class='ocr_line' id='line_1_23' title="bbox 143 2860 1065 2966; baseline -0.005 -36"><span class='ocrx_word' id='word_1_145' title='bbox 143 2863 199 2930; x_wconf 86' lang='lat' dir='ltr'>bus</span> <span class='ocrx_word' id='word_1_146' title='bbox 228 2862 370 2928; x_wconf 86' lang='lat' dir='ltr'>adversus</span> <span class='ocrx_word' id='word_1_147' title='bbox 402 2883 585 2951; x_wconf 87' lang='lat' dir='ltr'>possessores</span> <span class='ocrx_word' id='word_1_148' title='bbox 614 2874 777 2966; x_wconf 72' lang='lat' dir='ltr'>agrorum,</span> <span class='ocrx_word' id='word_1_149' title='bbox 806 2860 841 2928; x_wconf 72' lang='grc' dir='ltr'>ἀ</span> <span class='ocrx_word' id='word_1_150' title='bbox 868 2861 1065 2952; x_wconf 86' lang='lat' dir='ltr'>magistratus</span> 
     </span>
    </p>
   </div>
   <div class='ocr_carea' id='block_1_3' title="bbox 33 2969 1155 3066">
    <p class='ocr_par' dir='ltr' id='par_1_4' title="bbox 33 2969 1155 3066">
     <span class='ocr_line' id='line_1_24' title="bbox 33 2969 1155 3066; baseline -0.003 -20"><span class='ocrx_word' id='word_1_151' title='bbox 33 3023 37 3032; x_wconf 89' lang='lat'><em>-</em></span> <span class='ocrx_word' id='word_1_152' title='bbox 143 2979 325 3060; x_wconf 86' lang='lat' dir='ltr'>civitatum,</span> <span class='ocrx_word' id='word_1_153' title='bbox 346 2977 424 3043; x_wconf 86' lang='lat' dir='ltr'>adeo</span> <span class='ocrx_word' id='word_1_154' title='bbox 452 2979 634 3061; x_wconf 85' lang='lat' dir='ltr'>minaciter,</span> <span class='ocrx_word' id='word_1_155' title='bbox 662 2996 698 3045; x_wconf 86' lang='lat' dir='ltr'>ut</span> <span class='ocrx_word' id='word_1_156' title='bbox 727 2969 817 3044; x_wconf 83' lang='lat' dir='ltr'>Luco</span> <span class='ocrx_word' id='word_1_157' title='bbox 846 2977 1065 3066; x_wconf 83' lang='lat' dir='ltr'>(municipium</span> <span class='ocrx_word' id='word_1_158' title='bbox 1151 2999 1155 3014; x_wconf 91' lang='grc'><em>·</em></span> 
     </span>
    </p>
   </div>
   <div class='ocr_carea' id='block_1_4' title="bbox 143 3091 1160 3507">
    <p class='ocr_par' dir='ltr' id='par_1_5' title="bbox 143 3091 1160 3507">
     <span class='ocr_line' id='line_1_25' title="bbox 143 3091 1065 3182; baseline -0.004 -22"><span class='ocrx_word' id='word_1_159' title='bbox 143 3093 173 3160; x_wconf 90' lang='lat' dir='ltr'>id</span> <span class='ocrx_word' id='word_1_160' title='bbox 197 3094 425 3165; x_wconf 82' lang='lat' dir='ltr'>Vocontiorum</span> <span class='ocrx_word' id='word_1_161' title='bbox 447 3102 517 3180; x_wconf 89' lang='lat' dir='ltr'>est)</span> <span class='ocrx_word' id='word_1_162' title='bbox 539 3091 620 3168; x_wconf 79' lang='lat' dir='ltr'>faces</span> <span class='ocrx_word' id='word_1_163' title='bbox 642 3094 832 3173; x_wconf 88' lang='lat' dir='ltr'>admoverit,</span> <span class='ocrx_word' id='word_1_164' title='bbox 855 3095 953 3159; x_wconf 83' lang='lat' dir='ltr'>donec</span> <span class='ocrx_word' id='word_1_165' title='bbox 968 3115 1065 3182; x_wconf 80' lang='lat' dir='ltr'>pecu·</span> 
     </span>
     <span class='ocr_line' id='line_1_26' title="bbox 144 3208 1065 3302; baseline -0.005 -28"><span class='ocrx_word' id='word_1_166' title='bbox 144 3209 194 3276; x_wconf 88' lang='lat' dir='ltr'>nia</span> <span class='ocrx_word' id='word_1_167' title='bbox 214 3210 430 3302; x_wconf 85' lang='lat' dir='ltr'>mitigaretur.</span> <span class='ocrx_word' id='word_1_168' title='bbox 456 3208 611 3300; x_wconf 76' lang='lat' dir='ltr'>Quotiens</span> <span class='ocrx_word' id='word_1_169' title='bbox 631 3209 770 3300; x_wconf 88' lang='lat' dir='ltr'>pecuniae</span> <span class='ocrx_word' id='word_1_170' title='bbox 784 3210 913 3275; x_wconf 87' lang='lat' dir='ltr'>materia</span> <span class='ocrx_word' id='word_1_171' title='bbox 930 3209 1065 3286; x_wconf 81' lang='lat' dir='ltr'>deesset,</span> 
     </span>
     <span class='ocr_line' id='line_1_27' title="bbox 145 3321 1160 3414; baseline -0.001 -28"><span class='ocrx_word' id='word_1_172' title='bbox 145 3323 314 3414; x_wconf 86' lang='lat' dir='ltr'>stupris&amp;</span> <span class='ocrx_word' id='word_1_173' title='bbox 336 3325 495 3394; x_wconf 84' lang='lat' dir='ltr'>adulteriis</span> <span class='ocrx_word' id='word_1_174' title='bbox 511 3321 717 3400; x_wconf 80' lang='lat' dir='ltr'>exorabatur.</span> <span class='ocrx_word' id='word_1_175' title='bbox 739 3323 791 3393; x_wconf 88' lang='lat' dir='ltr'>Sic</span> <span class='ocrx_word' id='word_1_176' title='bbox 811 3323 849 3389; x_wconf 89' lang='lat' dir='ltr'>ad</span> <span class='ocrx_word' id='word_1_177' title='bbox 872 3321 971 3412; x_wconf 80' lang='lat' dir='ltr'>Alpes</span> <span class='ocrx_word' id='word_1_178' title='bbox 992 3343 1066 3411; x_wconf 68' lang='lat' dir='ltr'>per·</span> <span class='ocrx_word' id='word_1_179' title='bbox 1158 3366 1160 3369; x_wconf 91' lang='lat'>-</span> 
     </span>
     <span class='ocr_line' id='line_1_28' title="bbox 147 3457 336 3507; baseline -0.032 -1"><span class='ocrx_word' id='word_1_180' title='bbox 147 3457 287 3507; x_wconf 83' lang='lat' dir='ltr'>ventum.</span> <span class='ocrx_word' id='word_1_181' title='bbox 332 3491 336 3500; x_wconf 92' lang='lat'>.</span> 
     </span>
    </p>
   </div>
   <div class='ocr_carea' id='block_1_5' title="bbox 0 0 1256 3942">
    <p class='ocr_par' dir='ltr' id='par_1_6' title="bbox 0 0 1256 3942">
     <span class='ocr_line' id='line_1_29' title="bbox 0 0 1256 3942; baseline 0 0"><span class='ocrx_word' id='word_1_182' title='bbox 0 0 1256 3942; x_wconf 95' lang='lat' dir='ltr'> </span> 
     </span>
    </p>
   </div>
  </div>
 </body>
</html>
