2492 3942
183 199 904 301 anueucccxiulffincnnn.
966 248 1026 305 2„

102 377 164 446 Sed
186 377 238 442 ubi
260 373 387 439 fortuna
419 390 528 440 contra
554 369 635 453 suit,
663 395 726 437 nou
755 372 861 440 laxare
887 373 1030 454 ordines,

102 515 166 560 non
190 493 331 579 recipere
360 489 520 572 turbatus,
550 511 612 555 nun
640 488 760 554 obviam
788 490 856 572 ire,
885 489 1030 578 ultroque

99 607 231 700 adgredi
255 606 540 686 hostem,·tantu1n
562 609 619 693 pe'r
641 604 773 692 spatium
792 625 885 671 cursu
906 601 943 670 dt
971 627 1030 693 pu-

99 723 227 818 gnaudo
250 721 378 788 fessum.
402 719 500 787 Forte
522 719 592 785 viiii
622 727 715 807 (37),
737 721 818 787 baud
834 720 965 811 perinde
978 741 1031 786 re-

67 856 75 862 “
98 841 155 907 bus
179 837 332 928 prosperis
346 837 457 916 ducem
479 837 748 918 desideraverant,
768 856 865 928 atque
874 838 907 903 iu
917 837 1030 904 adver·

101 958 141 1022 sis
153 955 260 1022 deesse
271 951 507 1046 intelligebant.
532 952 706 1020 Nutantem
717 953 816 1031 aciem
831 952 926 1020 nidor
938 953 1028 1043 equi-

100 1088 184 1137 tatus
197 1071 349 1136 incursat:
372 1067 406 1134 &
420 1069 602 1160 Vipstanius
615 1067 774 1151 Messala,
788 1071 945 1153 tribunus,
955 1091 1028 1137 cum

99 1185 244 1256 Moesicis
265 1185 457 1251 auxiliaribus
477 1186 673 1274 adsequitur,
695 1207 772 1275 quos
794 1186 915 1251 miiitiae
928 1185 1028 1278 gloria
1092 1265 1097 1272 ³

97 1301 298 1396 legionariis,
319 1323 504 1392 quamquam
526 1303 642 1390 raptim
672 1301 776 1368 dusios
805 1309 895 1392 (38),
923 1321 1027 1388 atqua-

36 1419 39 1424 ’
98 1421 166 1491 bat.
192 1404 245 1483 lta
264 1417 377 1484 mixtus
400 1420 494 1508 pedes
522 1440 697 1508 equesque,
723 1441 839 1508 rupere
865 1417 1027 1510 legionum

96 1557 230 1628 agmen.
254 1531 298 1600 Et
320 1535 490 1624 propinqua
500 1533 759 1602 Cremonensium
770 1535 907 1616 moeuia,
927 1555 1026 1625 quau-

96 1669 128 1719 to
153 1653 229 1743 plus
251 1651 315 1739 spei
341 1651 380 1716 ad
401 1650 569 1742 effugium,
591 1655 680 1716 tanto
701 1651 856 1717 muntem
885 1651 925 1716 ad
952 1649 1027 1714 tesi-

95 1770 243 1834 stendum
265 1765 401 1830 animum
424 1767 552 1850 dabant,

174 2057 181 2063 ,
242 2000 424 2060 Cremonam
443 2011 576 2084 pergere
597 1996 707 2062 nolunt
728 1997 890 2063 Flaviani.

156 2227 254 2298 XIX.
278 2225 348 2296 Nec
368 2225 527 2294 Antonius
549 2227 631 2294 ultra
654 2226 788 2308 institit,
810 2241 929 2292 memor
943 2223 1027 2291 labn-

98 2351 139 2416 ris
160 2371 197 2415 ac
221 2335 533 2434 vulnerum,‹'1uibus
555 2362 617 2411 tam
649 2364 762 2434 anceps
791 2343 898 2433 prtelii
924 2340 1026 2409 sortu-

99 2489 158 2548 ua,
179 2461 319 2552 quamuis
341 2483 489 2552 prospero
511 2457 590 2543 fine,
613 2460 734 2551 equites
755 2481 910 2550 equosque
937 2458 1027 2526 adfli-

99 2581 255 2646 iiaverat.
278 2575 477 2644 Inumbrante
505 2599 652 2668 vespera,
680 2575 854 2643 uniuersum
882 2577 1023 2645 Flaviani

99 2689 258 2762 exercitus
279 2693 372 2759 robur
394 2693 536 2761 advenit.
561 2689 678 2784 thue
706 2693 846 2760 cumulos
873 2702 943 2786 (39)
972 2716 1023 2760 su-

99 2835 177 2904 pet,
201 2807 238 2876 dc
260 2809 397 2875 recentia
419 2811 506 2876 caede
528 2809 657 2902 vestigia
678 2809 849 2892 incessere,
870 2813 957 2902 quasi
967 2810 1024 2876 de-

100 2929 251 2996 bellatum
274 2921 377 3007 soret,
398 2941 524 3014 pergere
532 2933 735 3007 Cremonam,
755 2925 800 3001 {9¹
820 2928 914 2994 vien
925 2931 959 2991 in
973 2924 1023 2990 de-

100 3044 245 3112 ditionem
268 3041 427 3131 aceipere‚
448 3059 502 3107 eet
523 3057 698 3128 expugnare
720 3042 908 3132 deposcunt.
938 3040 1023 3108 Haec

100 3161 134 3223 in
147 3158 269 3240 medio,
293 3155 419 3246 pulchra
434 3156 514 3224 diua
529 3163 618 3245 (⁴0)·
641 3156 700 3224 Illa
714 3157 768 3223 sibi
782 3158 923 3248 quisque:
946 3159 1023 3224 Pus·

101 3295 135 3339 se
157 3273 301 3340 coloniam
312 3273 408 3360 plano
432 3277 529 3340 sitam
552 3276 768 3361 impeeucapi.
790 3273 878 3339 iden
886 3271 1022 3340 audacie

96 3403 156 3478 per
178 3387 317 3455 tenebras
348 3386 611 3478 inrumpentibus,
639 3385 683 3463 in
706 3390 1027 3474 majorenrapiends

159 3511 385 3572 cunnum.
704 3502 734 3572 N
