2492 3942
236 295 298 340 ana
440 261 791 336 HISTORIARUM
810 265 896 336 LIB.
919 263 980 334 lll.

233 419 386 488 sustinere
410 417 577 488 Vitelliani
592 417 772 504 nequirent,
794 414 1008 504 &superjecta
1027 418 1096 482 tela
1108 433 1156 482 te·

233 537 357 604 studine
379 535 577 614 laberentur,
599 532 696 620 ipsam
718 548 877 621 mstrmno
899 532 1038 598 balistam
1060 533 1094 600 in
1109 555 1154 598 su.

233 655 364 721 beuntes
386 649 568 742 propulere:
592 671 664 736 quae
685 664 719 714 ut
742 647 780 712 ad
802 669 939 736 presens
958 647 1081 729 disjecit
1104 650 1155 714 ob-

233 773 380 858 ruitque,
401 741 477 858 quos
498 765 651 834 inciderat
672 771 762 851 (58);
784 766 829 830 ita
850 764 957 854 pinnas
979 787 1017 830 ac
1037 785 1154 830 sumum

232 887 306 956 :valli
328 885 416 950 ruina
437 905 490 949 sua
513 882 626 948 traxit:
649 880 738 946 unul
760 880 862 960 juniis
877 881 972 947 turris
993 879 1100 948 idibus
1111 904 1154 948 sa-

231 1023 342 1072 xorum
365 999 471 1066 enuit:
496 1021 555 1088 qua
577 997 741 1087 septimani
762 996 837 1064 dum
859 996 1005 1063 nituntur
1031 999 1154 1077 cuneis,

232 1119 386 1186 tertianus
408 1116 559 1184 securibus
581 1113 750 1206 gladiisque
779 1120 853 1199 (59)
882 1132 1005 1202 portam
1034 1111 1153 1203 perfre-

232 1237 298 1330 git.
321 1235 461 1304 Primum
482 1231 634 1321 inrupisse
655 1229 697 1298 C.
720 1229 903 1311 Volusium,
926 1230 1034 1296 terti'ae
1055 1230 1152 1321 legio-

230 1357 282 1422 nis
305 1354 459 1432 militem,
490 1350 573 1414 inter
602 1367 709 1413 omnes
737 1345 873 1412 rudiores
901 1363 1042 1413 constat:
1071 1346 1096 1409 is
1123 1347 1154 1412 in

231 1471 348 1536 uallum
371 1481 528 1557 egressus,
548 1462 718 1530 deturbatis
738 1463 792 1552 qui
812 1463 1012 1544 restiterant,
1033 1463 1155 1552 conspi-

230 1605 305 1652 tuus
326 1603 420 1650 manu
442 1603 477 1646 ac
500 1599 597 1659 uoce,
619 1579 1062 1666 captacasrraconclamauit.
1087 1578 1156 1646 Ce-

230 1700 320 1782 teri,
343 1696 471 1787 trepidis
492 1699 554 1778 jam
578 1695 780 1777 Vitellianis,
802 1717 896 1785 seque
917 1718 935 1760 e
954 1693 1032 1759 vallo
1063 1715 1157 1781 prae·

229 1815 446 1910 cipitantibum
468 1833 655 1902 perrupere:
676 1811 853 1899 completur
874 1811 973 1892 cade,
991 1825 1153 1900 quantum

229 1937 314 2002 inter
335 1949 435 1999 castra
449 1948 621 2016 murosque
643 1929 732 1994 uacui
752 1923 827 1992 fuit.

279 2046 400 2116 XXX.
424 2043 472 2114 At
493 2065 596 2112 rursus
618 2065 696 2110 noua
709 2040 972 2131 laborumsacies3
995 2044 1153 2112 arduaur·

229 2167 273 2236 bis
296 2168 431 2246 minoia,
454 2183 553 2232 saxeae
575 2178 697 2242 turres,
719 2157 828 2226 ferrati
851 2177 1009 2249 portarum
1030 2162 1150 2241 obices,

229 2285 348 2352 uibrans
369 2283 433 2350 tela
455 2281 562 2361 mles,
585 2275 731 2366 frequens
752 2276 971 2366 obstrilinsque
1000 2278 1149 2346 Vitellia.

228 2401 275 2467 nis
297 2401 433 2493 partibus
454 2394 676 2462 Cremonensis
698 2393 847 2483 populus,
868 2415 980 2485 magna
1002 2417 1072 2482 pars
1085 2393 1149 2460 Ita-

227 2518 298 2598 lio,
320 2532 403 2582 stato
420 2513 457 2578 in
468 2511 590 2576 eusdem
605 2511 673 2578 dies
686 2526 826 2576 mutatu
835 2526 1045 2602 congregata:
1068 2512 1150 2598 quod

227 2627 435 2700 defensoribus
455 2625 600 2692 auxilium
624 2627 663 2690 ob
684 2625 938 2707 multitudinem,
965 2647 1150 2718 oppugnau-

227 2745 306 2812 tibus
336 2743 569 2809 incitamentum
597 2742 638 2808 ob
674 2741 811 2832 praedam
839 2759 925 2808 erat.
954 2747 1036 2831 Rapi
1066 2748 1150 2830 ignes

225 2859 402 2940 Antonius,
425 2857 596 2946 inftrriqrcr
617 2861 832 2925 amentissimi:
854 2857 1063 2926 estraurbem
1073 2859 1149 2925 aedi·

218 2974 305 3060 ficiis
329 2975 432 3062 jubet3
454 2975 479 3040 si
500 2973 612 3040 damno
635 2995 740 3040 rerum
766 2995 889 3043 suarum
918 2971 1150 3041 Cremonenses

223 3095 261 3162 ad
283 3091 460 3160 mutandam
484 3089 574 3158 fidem
596 3088 812 3156 traherentur.
843 3087 1022 3179 Propinqua
1054 3091 1148 3158 muris

223 3211 322 3293 teila,
342 3208 379 3278 dt
401 3207 601 3276 altitudinem
622 3209 774 3274 moeniurn
804 3227 947 3298 egressa,
975 3203 1149 3272 fortissimo

220 3349 343 3418 quoque
364 3323 497 3394 militum
518 3324 672 3411 complet:
694 3323 742 3390 illi
764 3321 914 3406 trabibus,
942 3322 1145 3414 tegulisque,

85 3487 102 3522 s
218 3445 255 3513 dt
279 3442 390 3512 lacibus
412 3449 659 3532 propugnatores
678 3437 860 3510 deturbant.
918 3530 921 3537 Ι
