2492 3942
237 285 280 344 ⁶4
449 257 797 334 HlSTORIARUM
820 262 905 332 LlB.
927 259 952 332 l.

235 418 308 484 dum
331 417 495 482 sententia
516 414 645 482 Vitellii
668 413 785 479 certior
807 411 915 498 beret,
936 413 1024 481 umal
1047 415 1163 482 transi·

234 551 302 599 tum
326 533 455 621 Alpium
476 527 906 620 parans,laetume11talin
936 532 1077 597 nuntium
1108 555 1162 611 ac·

233 647 329 739 cipit,
351 647 434 713 alam
456 645 636 729 syllanum,
661 649 746 711 circa
774 647 891 712 Padum
919 665 1077 735 agentem,
1109 671 1160 711 sa-

233 779 393 832 cramento
415 763 529 829 Vrtellis‘
549 767 723 828 accessisse.
746 759 965 829 Proconsulem
988 763 1161 834 Vitellium

234 878 351 960 Syllani
376 878 409 944 in
432 874 538 944 Africa
561 876 744 943 habuerant:
766 898 839 943 mox
858 899 877 942 a
899 877 1046 959 Nerone,
1069 877 1161 947 utin

233 991 415 1086 AEgyptum
444 993 739 1084 premitterentur,
768 993 881 1074 exciti,
908 993 944 1062 dt
974 996 1013 1060 ob
1043 993 1161 1060 bellum

234 1109 376 1179 Vindicis
391 1111 525 1176 revocati
534 1159 545 1191 ,
567 1131 603 1174 ac
619 1125 685 1174 tum
703 1110 734 1173 in
750 1107 840 1175 Italia
855 1127 1033 1191 manentes,
1049 1109 1160 1174 instIn·

233 1227 282 1293 Clu
304 1226 516 1306 decurionum,
538 1226 592 1313 qui
606 1223 744 1291 Othonis
757 1225 876 1316 ignari,
899 1225 1034 1294 Vitellio
1046 1224 1160 1290 obstri-

233 1343 292 1424 lli,
316 1342 408 1424 robur
431 1341 665 1407 adventantium
687 1339 846 1431 legionum
866 1339 904 1408 dt
931 1338 1044 1407 famam
1072 1338 1159 1406 Ger-

233 1458 343 1524 manici
366 1457 522 1522 exercitas
535 1455 741 1537 attollebant,
766 1457 913 1524 transiere
928 1457 959 1523 in
976 1473 1097 1546 partes:
1122 1453 1158 1521 dt

234 1589 269 1639 ut
291 1573 405 1636 donum
427 1570 547 1660 aliquod
572 1593 652 1635 novo
674 1569 831 1661 Principi,
855 1572 1022 1638 firmissima
1050 1569 1158 1638 Tran-

233 1687 373 1779 spadanae
397 1687 531 1778 regionis
551 1685 733 1777 municipia,
756 1687 991 1770 Mediolanum,
1023 1711 1059 1754 ac
1089 1685 1157 1754 No-

233 1806 366 1884 variam,
388 1801 422 1870 dt
444 1801 649 1893 Eporediam,
670 1823 706 1869 nc
729 1802 892 1872 Vercellas
911 1807 1094 1884 adjunxere.
1120 1801 1158 1869 ld

231 1918 372 1987 Caecinae
403 1940 460 2008 per
490 1919 570 2008 ipsos
597 1935 809 2008 compertum.
840 1919 884 1986 Et
913 1921 983 2008 quia
1012 1918 1158 2010 prasidio

232 2037 290 2102 alae
312 2036 398 2100 unius
431 2035 576 2102 latissima
607 2057 678 2124 pars
710 2033 811 2101 ltalia
837 2032 962 2103 defendi
991 2033 1157 2124 nequibat,

231 2152 390 2242 praemissis
406 2151 590 2232 Gallorum,
613 2149 850 2234 Lusitanorum,
872 2151 1156 2238 Britannorumque

229 2266 420 2351 cohortibus,
444 2267 477 2336 dt
500 2268 729 2334 Germanorum
750 2268 889 2358 vexillis,
911 2289 982 2335 cum
1011 2266 1060 2333 ala
1093 2263 1157 2330 Pe·

230 2385 310 2450 trina
332 2391 444 2468 (132),
467 2384 531 2470 lpse
554 2381 727 2469 paullulum
749 2382 923 2464 cunctatus,
947 2405 1020 2449 num
1050 2379 1156 2446 Raeti-

228 2500 272 2563 cis
295 2498 375 2587 jugis
397 2498 427 2560 in
452 2495 598 2563 Noricum
622 2495 762 2562 {lederet
769 2545 780 2579 ,
801 2500 944 2566 adversus
973 2497 1155 2564 Petronium

229 2612 269 2675 ibi
292 2627 524 2699 procuratorem
548 2617 662 2698 (133),
684 2613 737 2700 qui
756 2614 885 2680 concitis
897 2615 1032 2694 auxiliis,
1054 2610 1090 2679 ἀ
1106 2612 1155 2676 in·

228 2727 376 2815 terruptis
401 2725 559 2792 fluminum
583 2727 742 2816 pontibus,
772 2729 848 2796 fidus
876 2729 999 2796 Othoni
1028 2709 1154 2818 putabafi

228 2859 295 2910 tur.
317 2839 378 2906 Sed
402 2859 504 2922 metu,
526 2863 566 2908 ne
587 2844 748 2911 amitteret
771 2846 940 2936 premissas
961 2849 1022 2927 jam
1044 2842 1156 2910 cohor.

227 2975 274 3024 tes
296 2957 436 3046 alasque,
460 2959 547 3024 simul
571 2976 716 3048 reputans
738 2962 808 3050 plus
822 2961 931 3054 glorias
947 2978 1071 3030 retenta
1085 2957 1154 3026 Ita·

225 3073 285 3156 lia,
307 3069 341 3138 dt
364 3073 544 3162 ubicumque
565 3092 719 3142 certatum
747 3073 850 3160 foret,
880 3076 1009 3145 Noricos
1040 3076 1073 3142 iu
1102 3097 1155 3142 ce-

225 3205 292 3254 tera
317 3186 449 3255 victoria
474 3191 600 3279 praemia
625 3211 780 3273 cessuros,
803 3192 923 3258 Penino
938 3194 1155 3284 subsignanum

223 3305 357 3370 militem
380 3307 630 3390 (malitiaene,
652 3305 688 3372 δε
708 3329 804 3399 grave
833 3308 992 3399 legionum
1021 3327 1155 3397 agmen,

223 3419 354 3488 hibernis
376 3421 473 3488 adhuc
498 3421 631 3510 Alpibus
652 3423 807 3488 traduxit.
851 3472 855 3478 -

1018 3535 1098 3605 orbo
