2492 3942
236 277 294 340 us
424 251 783 324 'HISTORIARUM
804 251 888 320 LIB.
911 252 955 324 Il.

20 391 22 424 Ι
233 439 273 482 no
296 407 495 488 noscebatur,
518 403 696 472 conditione
716 401 889 496 fugitivus,
912 404 1036 472 nomine
1056 413 1165 490 Geta,

235 543 391 619 sumptum
411 523 451 590 de
473 543 511 588 eo
532 519 715 610 supplicium
736 520 767 586 in
782 519 935 586 servilem
957 521 1102 590 modum.

322 753 473 846 soperbia
496 753 693 838 socordiaque
713 751 826 818 messus·
836 799 848 832 ,
868 749 908 818 ob
929 750 1073 820 naiadum

482 873 517 937 in
539 867 637 936 uerba
659 871 724 956 ejus
744 871 918 936 orientem.

305 1099 464 1173 LXXIII.
487 1101 553 1170 Vix
574 1100 723 1168 credibile
738 1074 912 1168 memoratu
924 1116 992 1184 est,
1014 1116 1164 1190 quantum

244 1223 392 1314 superbiae
417 1217 623 1307 socordiaeque
638 1215 772 1287 Vitellio
793 1215 983 1299 adoleverit,
1005 1234 1166 1306 postquem

244 1339 452 1434 speculatores
473 1355 492 1399 e
514 1333 602 1412 Syria
625 1331 814 1424 Iudaeaque,
844 1331 984 1400 odedum
1014 1338 1047 1400 in
1069 1333 1167 1398 verba

247 1461 313 1542 ejus
337 1456 493 1518 Orientem
521 1449 726 1515 nmtiavere.
770 1447 851 1516 Nam
872 1448 933 1514 etsi
955 1449 1039 1541 vagis
1069 1447 1168 1514 adhuc

247 1568 282 1637 dt
304 1565 428 1632 incertis
451 1562 646 1645 sudoribus,
674 1554 750 1630 erat
768 1581 874 1632 tamen
895 1563 927 1628 in
949 1586 1003 1631 ore
1025 1560 1170 1654 famaque

247 1681 480 1772 Vespasianus,
507 1701 543 1748 ac
566 1680 748 1770 plerumque
777 1681 814 1746 ad
836 1701 947 1746 nomen
968 1682 1034 1759 ejus
1057 1679 1170 1747 Vitela

250 1800 310 1866 lius
333 1791 548 1862 excitabatur.
564 1793 651 1862 Tum
671 1789 756 1884 ipse,
779 1795 1006 1883 exercitusque,
1028 1809 1064 1858 ut
1081 1794 1171 1860 nullo

250 1913 382 1994 aemulo,
404 1911 540 1994 saevitia,
562 1912 704 1994 libidine,
733 1927 850 2002 raptu,
879 1911 911 1976 in
932 1926 1080 1977 externos
1101 1932 1170 1976 mo-

251 2051 302 2098 res
323 2044 547 2120 proruperunt.
906 2009 909 2015 ¹

274 2327 277 2334 .
367 2267 411 2330 At
432 2265 641 2353 Vespasianus
662 2258 776 2328 bellum
798 2269 947 2346 moraque
957 2276 1074 2350 porat.

252 2561 255 2576 ,
311 2491 471 2561 LXXIV.
494 2489 543 2558 At
551 2490 754 2580 Vespasianus
775 2491 890 2558 bellurn
911 2512 1080 2581 armaque,
1101 2511 1172 2580 pro·

255 2607 306 2681 cul
328 2607 378 2672 vel
403 2608 487 2685 juxta
508 2606 578 2672 sitas
600 2606 706 2690 vises,
739 2607 1031 2697 circumspcdlabat.
1075 2604 1174 2676 Miles·

256 2723 313 2813 ipsi
334 2720 411 2785 adeo
422 2709 562 2808 paratus,
585 2739 619 2788 ut
631 2740 822 2812 praeeuntem
837 2728 1175 2808 sacramentum(sot),

257 2837 291 2906 ἀ
313 2833 409 2902 fausta
432 2837 566 2910 Vitellio
586 2829 688 2906 omnia
714 2856 910 2929 precantem,
940 2825 998 2928 per
1018 2837 1176 2904 silentium

256 2951 429 3021 audierint.
452 2951 594 3022 Muciani
615 2957 732 3022 animus
754 2977 812 3022 nec
828 2955 1017 3044 Vespasiano
1039 2953 1176 3035 alienus,

257 3067 292 3136 ἃ
314 3069 346 3134 in
368 3065 479 3138 Titum
503 3071 644 3160 pronior:
673 3067 831 3161 praefedlus
852 3067 1012 3163 AEgypti,
1037 3065 1177 3136 Alexan-

258 3186 333 3268 der,
355 3185 478 3252 consilia
501 3186 687 3259 sociaverat.
720 3184 866 3253 Tertiam
888 3187 1073 3279 legionem,
1094 3183 1177 3273 quod

255 3323 277 3367 e
306 3300 394 3382 Syris
430 3303 462 3368 in
484 3300 634 3374 Moesiam
657 3303 833 3385 transisset,
864 3324 948 3369 snam
979 3300 1176 3367 numerabat:

257 3433 375 3488 neterae
388 3415 507 3499 Illyrici
522 3417 659 3510 legiones
675 3430 826 3489 secuturae
839 3418 1057 3511 sperabantur.
1080 3417 1176 3486 Nam-
