2492 3942
157 932 266 1006 Titus,
287 928 329 993 ad
350 925 478 992 Galbam
500 929 637 1007 missus,
660 932 791 1015 acceptis
813 927 850 994 de
868 928 935 1010 ejus

298 1045 429 1110 interitu
451 1045 587 1124 nuntiis,
607 1045 708 1110 vertit
732 1046 810 1110 iter.
880 1075 884 1080 ⁸

89 1273 113 1340 1.
125 1173 214 1350 ST
225 1293 398 1338 rurnrr·
409 1277 470 1356 jam
492 1271 640 1357 fortuna,
664 1274 695 1339 in
710 1273 829 1340 diversa
843 1289 930 1363 parte
946 1289 1011 1337 ter-

90 1413 214 1470 rarum,
236 1389 322 1454 initia
345 1412 504 1479 causasque
527 1392 675 1480 imperio:
698 1391 780 1478 quod
804 1391 887 1456 varia
908 1403 1012 1468 sorte,

91 1508 200 1571 lautum
226 1505 418 1593 reipublice,
441 1524 494 1572 aut
510 1523 617 1589 atrox,
639 1507 711 1594 ipsis
723 1504 911 1597 Principibus
925 1523 1012 1594 ptos·

90 1643 200 1712 perum
223 1627 290 1710 (1),
320 1638 373 1688 aut
404 1622 499 1686 exitio
528 1619 602 1690 fuit.
635 1619 727 1688 Titus
755 1622 961 1713 Vespasianus
991 1639 1014 1682 e

92 1736 196 1824 Judaea
206 1786 217 1818 ,
242 1736 387 1802 incolumi
402 1739 499 1804 adhuc
516 1737 636 1819 Galba,
657 1738 762 1803 missus
776 1761 794 1804 a
809 1755 920 1827 patre,
940 1755 1015 1799 cau-

87 1876 154 1926 sam
178 1847 373 1941 profellionis
394 1852 526 1938 officium
549 1876 623 1940 arga
638 1857 833 1941 Principem,
855 1852 900 1927 lyr
913 1868 1016 1916 matu-

92 1989 163 2034 ram
184 1964 510 2051 perendisbonoribus
527 1971 690 2048 juventam
711 1965 848 2032 serebat.
871 1967 932 2033 Sed
948 1964 1018 2032 uul-

94 2102 171 2175 gus,
196 2077 332 2170 fingendi
355 2078 495 2159 avidum,
518 2079 722 2168 disperserat,
743 2087 874 2147 accitum
895 2087 928 2146 in
942 2081 1019 2146 adon

91 2202 246 2287 priorem.
271 2192 409 2260 Materia
425 2195 611 2260 sermonibus
627 2194 742 2260 senium
755 2191 790 2260 ἃ
801 2195 914 2260 orbitas
928 2192 1020 2259 Prin-

95 2314 189 2403 cipis,
213 2309 508 2401 &intemperantia
530 2309 684 2391 civitatis,
706 2310 805 2378 donec
829 2331 902 2374 unus
924 2308 1026 2400 eligii

97 2448 168 2510 tur,
193 2427 307 2494 multos
321 2426 511 2494 destinandi.
533 2423 679 2519 Augebat
692 2423 824 2508 famam,
846 2426 936 2515 ipsius
951 2423 1022 2491 Titi

97 2545 274 2636 ingenium,
296 2562 551 2634 quantaecumque
572 2541 706 2612 fortunae
719 2566 833 2633 capax,
853 2542 947 2609 decor
960 2540 1042 2610 oris*

100 2681 171 2726 cum
195 2660 324 2746 quadam
348 2664 529 2742 majestate,
559 2681 716 2750 prosperae
744 2661 924 2751 Vespasiani
951 2683 1021 2742 res,

101 2795 242 2866 praesaga
265 2797 406 2865 responsa
427 2784 497 2863 (2),
518 2774 573 2858 ἃ,
595 2777 748 2844 inclinatis
768 2777 806 2842 ad
836 2777 1022 2844 credendum

100 2890 230 2972 animis,
253 2890 321 2955 loco
342 2893 477 2958 omnium
498 2893 595 2960 etiam
609 2890 760 2960 fortuita.-
776 2886 841 2960 Ubi
855 2891 1022 2974 Corinthi,

105 3003 237 3088 Achajae
270 3007 363 3089 urbe,
392 3026 494 3073 certos
526 3010 650 3076 nuntios
678 3009 799 3098 accepit
828 3009 867 3077 de
893 3008 1024 3103 interitu

105 3121 237 3206 Galb2‚
259 3120 294 3188 Cr
315 3121 460 3205 aderaut,
483 3125 535 3213 qui
564 3147 648 3190 arma
675 3126 821 3206 Vitellii,
849 3126 1025 3213 bellumque

108 3237 322 3306 adfirmarent:
347 3240 451 3306 anxius
472 3240 592 3323 animo,
613 3241 716 3329 paucis
729 3243 894 3315 amicorum
909 3239 1038 3308 adhibi-.-

112 3351 172 3432 tis,
195 3353 298 3420 cunila
323 3355 478 3445 utrimque
500 3355 683 3445 perlustrat.
704 3367 728 3425 s
731 3361 743 3422 i
761 3374 901 3442 pergeret
917 3359 1035 3420 ἰωὴ,

106 3465 193 3548 bem,
217 3470 331 3537 nullam
359 3470 450 3556 officii
474 3475 635 3557 gratiam,
659 3475 696 3538 in
724 3471 853 3540 alterius
881 3468 1052 3571 bonoratur,
