2492 3942
125 661 129 670 ,
201 539 203 550 ⁴
299 577 354 650 tu
384 573 873 648 LtssuUMPR1MuM

205 758 714 822 utrrourutuut
757 693 968 818 morsu.

127 973 174 1051 (r)
192 973 308 1029 Initium
325 971 391 1028 mibi
407 973 502 1049 operit·
520 979 561 1028 Etr
580 975 620 1030 his
637 982 663 1028 ἀ
680 973 843 1042 sequentibus
863 972 942 1028 verbis
956 983 1047 1042 cogno-

163 1047 258 1102 scimus
272 1045 390 1101 historias
407 1047 518 1114 primurn
535 1047 567 1100 eb
586 1049 675 1101 Tacito
699 1047 819 1112 scriptas3
844 1062 908 1113 quas
931 1063 990 1098 curn
1015 1043 1048 1098 tb

162 1119 273 1174 secundo
289 1120 420 1172 consulatu
438 1117 542 1186 Galbae,
565 1119 597 1174 nd
622 1137 711 1173 necem
729 1135 808 1187 usque
826 1117 969 1170 Domitiani
994 1135 1048 1186 per-

162 1192 293 1252 duxisset,
311 1207 362 1242 non
380 1197 554 1248 aususNetvn
572 1201 596 1246 ὰ
614 1191 717 1253 Traiani
734 1204 788 1244 turn
806 1191 952 1258 imperantis
969 1190 1049 1243 histo·

162 1265 226 1318 riam
243 1263 361 1333 tggtedi,
376 1265 502 1330 superiora
519 1279 630 1332 tempora
645 1265 678 1318 ab
694 1262 811 1317 extremis
828 1263 1049 1332 tuguniensem-

163 1349 205 1390 tus
222 1347 260 1388 est
279 1335 345 1389 libris
354 1336 491 1390 Annalium
509 1337 699 1402 septemdecim·
724 1341 757 1388 In
771 1335 825 1390 bis·
836 1335 957 1403 pressius,
975 1343 998 1388 ἀ
1016 1333 1048 1388 art

162 1408 252 1460 seriem
270 1406 404 1462 consulum
421 1409 563 1464 adstriiiius
581 1426 619 1462 res
637 1421 739 1462 narrat:
766 1407 792 1460 in
810 1407 918 1462 historiis
935 1423 995 1461 vero
1009 1405 1048 1460 la·

163 1481 214 1534 tius
231 1487 255 1534 e
272 1479 370 1532 liberius
388 1481 559 1550 exspatiatur.
584 1480 651 1536 Male
674 1497 734 1550 ergo
750 1476 812 1534 liber
835 1481 876 1536 hic
901 1489 926 1534 bt
943 1478 986 1549 qui
1008 1496 1048 1531 se-

162 1565 289 1622 quuntur,
308 1551 442 1610 Annalium
460 1555 561 1608 nomine
578 1568 775 1621 nuncupantur.
790 1555 924 1614 meunt,
948 1567 977 1604 ut
994 1555 1049 1604 An·

162 1624 260 1686 utlitrm
286 1625 401 1694 pleraque
419 1627 487 1680 nobis
505 1627 595 1680 invidit
612 1625 706 1690 injuria
724 1640 884 1692 temporum,
907 1625 942 1679 ita
960 1625 1048 1680 flisco·

163 1698 256 1750 riarum
275 1711 369 1764 partem
387 1697 459 1767 longe
477 1701 617 1756 maximam
634 1698 755 1752 abstulit.

126 1768 168 1844 (ι)
184 1766 354 1843 Οὲῖὶημπτον
377 1765 411 1828 (θ’
430 1770 532 1840 viginti
552 1803 593 1823 ·..
618 1787 716 1824 annor.
736 1768 774 1821 Ab
792 1773 875 1821 Roma
892 1768 992 1821 condita
1015 1767 1048 1822 ad

127 1891 130 1898 ,
163 1843 273 1894 Galbam
292 1843 381 1893 iterum
400 1849 423 1894 tc
442 1841 545 1892 Vinium
569 1857 633 1894 coss·
657 1841 677 1893 si
702 1841 790 1893 exat'tc
813 1854 961 1905 computes,
985 1840 1047 1891 anni

127 1957 131 1976 ,
163 1927 235 1966 erunt
252 1929 285 1964 ex
304 1911 357 1977 ipso
377 1912 466 1966 Tacito
483 1913 620 1980 obiingenti
646 1921 671 1964 tc
695 1912 868 1980 vigintiduo:
895 1912 937 1966 sed
961 1924 1049 1964 rotun·

163 1986 225 2036 dum
245 1999 377 2034 numerum
397 1997 517 2050 usurpat.
537 1988 569 2037 In
589 1983 697 2052 vulgatis
715 1983 899 2038 malestribitur
911 1981 990 2052 signis
998 2001 1049 2037 nu-

129 2107 133 2112 .
164 2054 296 2110 metalibus
315 2069 384 2110 uec·
405 2071 454 2111 xx·
471 2055 575 2110 Codices
592 2056 695 2108 Pion&
709 2055 807 2124 Regius
822 2055 914 2108 litteris
930 2056 1049 2116 omnibus

163 2128 258 2182 habent
275 2127 343 2196 quod
360 2143 418 2180 cum
438 2129 541 2194 Rycltio
558 2129 685 2182 dedimus.

129 2201 176 2276 (3)
193 2206 302 2254 Omnem
315 2209 469 2274 potestatem
486 2197 524 2256 ad
537 2217 622 2256 unum
638 2198 764 2274 conferri.
783 2201 903 2266 Ryckius
920 2201 1048 2267 &J.Gro·

162 2273 256 2326 novius
280 2290 294 2325 e
311 2272 394 2324 codice
412 2273 477 2326 Flor.
496 2273 582 2326 dedere
591 2281 704 2328 ‘omnem
719 2272 894 2343 potentiam:
917 2273 961 2328 sed
985 2274 1048 2326 teiie

162 2346 276 2400 observat
293 2348 412 2399 Ernestus
427 2354 598 2415 potestatem,
614 2345 671 2412 iege
687 2359 733 2398 aut
748 2347 965 2400 senatusconsulto
987 2362 1049 2399 con-

129 2467 133 2474 .
162 2416 244 2486 lbtri,¹
255 2434 306 2472 non
322 2417 490 2490 parentiam,
514 2434 569 2483 qure
588 2417 632 2483 vi,
649 2417 753 2486 fraude,
776 2417 880 2484 aliisque
897 2418 978 2474 modis
1003 2434 1047 2485 pa-

163 2504 245 2542 tatur.

128 2560 172 2636 (4)
190 2568 263 2616 inter
286 2560 404 2634 itfitnres
428 2559 473 2616 vel
495 2557 633 2618 obnoxior·
657 2566 724 2614 Cum
749 2561 854 2632 quilibet
876 2563 978 2631 scriptor
1001 2575 1048 2619 tut

162 2633 253 2690 odisset
277 2633 518 2697 nominenumine
538 2635 595 2702 ipsis
613 2635 738 2688 obnoxius
752 2649 831 2694 esset.

127 2705 172 2780 (ς)
190 2703 393 2762 mubitienem.
419 2712 529 2760 Pravum
547 2707 692 2762 assentandi
709 2705 896 2762 dominantibus
918 2709 1046 2771 studium,

155 2775 243 2851 fietile
259 2775 420 2834 adventarit.
439 2779 699 2841 trahamotcodicem
716 2797 775 2847 quae
782 2795 893 2834 mecaest
910 2783 1047 2848 corruptela

161 2851 334 2906 librariorum.
354 2853 504 2920 interpretes
521 2852 568 2906 hoc
586 2854 642 2908 loco
657 2852 842 2908 rescribendum
859 2869 980 2917 censent,
998 2849 1048 2926 fa·
1077 2918 1083 2923 .

161 2919 212 2978 cile
228 2921 373 2976 amiserit.
573 2975 582 2984 ,

128 2995 172 3070 (6)
190 2994 394 3055 DiviNetvae·
412 2995 495 3065 Coepit
520 2996 596 3066 igitur
612 2997 715 3057 scribere
733 3004 818 3053 Nerva
837 2996 890 3059 iarn
908 3010 1006 3049 mortuo
1022 3004 1047 3049 tc

163 3082 271 3122 sacruto.

125 3137 171 3215 (7)
190 3152 320 3214 nuatum·
334 3139 458 3214 principer
469 3138 543 3214 ferro
561 3138 738 3214 interempti.
763 3138 871 3201 Galba,
898 3138 986 3201 Otho,
1004 3139 1047 3194 Vi-

162 3214 261 3277 tellius,
285 3212 465 3272 Domitianus.
482 3211 554 3268 Tria
572 3211 642 3270 bella
657 3209 770 3268 civilia·
795 3210 906 3268 Othonis
924 3210 952 3262 in
972 3211 1048 3268 vird·

160 3286 241 3353 liuor,
260 3285 337 3346 hujus
363 3287 388 3338 in
407 3284 606 3350 Vespasianum,
630 3285 661 3336 L·
681 3283 784 3343 Antonii
810 3283 835 3334 in
854 3282 1047 3340 Domitianum.

125 3353 166 3429 (8)
185 3354 334 3412 Perdomita
351 3356 516 3413 Britannia·
534 3359 574 3413 Ab
583 3357 712 3428 Agricola·
732 3357 793 3409 Vide
811 3354 838 3407 in
855 3357 913 3418 ejus
931 3357 985 3409 vita
1002 3375 1047 3409 ao.

160 3435 199 3486 Et
214 3429 307 3486 statim
323 3429 419 3488 mirra.
438 3434 471 3486 Et
489 3429 584 3488 incuria
603 3428 746 3484 Domitiani
763 3443 815 3480 non
831 3427 915 3498 omnis
932 3441 1047 3485 retenta.

655 3506 760 3615 ¹Aee
