2492 3942
245 281 285 350 ,ο
443 255 797 333 Hrstouuutum
824 261 908 332 urs.
933 261 961 330 1.
1021 353 1024 358 Ι
1063 279 1085 322 t

236 411 350 502 lulium
373 415 577 497 Burdonem,
613 412 810 480 Germanicae
830 415 932 482 classis
953 409 1163 502 praefectum,

233 549 301 600 astu
327 531 494 598 subtraxit.
524 530 688 596 Exarserat
716 532 749 594 in
771 551 842 596 eum
862 529 1016 598 iracundia
1037 533 1161 598 exerci-

231 649 315 730 ttis,
344 664 501 736 tamquam
523 647 664 728 crimen,
693 667 729 712 ac
750 667 823 712 mox
843 645 990 726 insidias,
1019 645 1161 729 Fonteio

230 760 382 852 Capitoni
404 764 581 828 struxisset.
605 759 707 828 Grata
727 777 796 827 erat
810 762 958 828 memoria
974 759 1158 850 Capitonis:

229 877 265 946 dt
288 879 369 966 apud
392 877 552 946 sevientes
584 877 724 944 occidere
744 877 873 966 palam,
908 878 1068 969 ignoscere
1091 902 1157 944 non

230 995 289 1059 nisi
311 991 447 1060 fallendo
467 995 597 1060 licebat.
623 993 673 1058 lta
695 991 834 1060 custodia
855 993 1001 1074 habitus,
1021 991 1057 1060 dt
1081 1011 1155 1083 post

230 1109 385 1176 vitiorium
408 1111 549 1191 demum,
572 1109 675 1175 stratis
696 1111 757 1190 iam
778 1108 911 1176 militum
926 1109 1002 1174 odiis
1023 1117 1132 1199 (118)
1143 1160 1154 1191 ,

229 1226 367 1294 dimissus
388 1243 452 1294 est.
481 1223 635 1307 Interim,
658 1241 693 1290 ut
714 1224 886 1312 piaculum,
908 1224 1054 1308 objicitur
1075 1247 1153 1292 cen-

229 1343 312 1408 turio
335 1339 525 1432 Crispinus,
553 1341 659 1430 quise
683 1339 829 1430 sanguine
850 1339 1012 1430 Capitonis
1037 1363 1152 1408 cruen-

229 1469 374 1524 taverat:
406 1474 506 1545 'eoque
527 1453 800 1546 &postulantibus
812 1454 1022 1540 manifestior,
1043 1454 1079 1522 dt
1092 1481 1153 1548 pu·

229 1573 329 1638 nienti
353 1573 443 1638 vilior
464 1567 544 1638 fuit.

231 1707 235 1714 ’
286 1685 378 1755 LIX.
402 1686 496 1773 Julius
517 1687 629 1754 deinde
641 1687 754 1756 Civilis
769 1697 864 1776 (119)
885 1690 1021 1778 periculo
1043 1711 1148 1756 exem-

226 1822 316 1894 ptus,
338 1820 517 1894 praepotens
530 1805 614 1870 inter
630 1804 780 1886 Batavos,
803 1825 843 1870 ne
857 1806 1006 1894 supplicio
1020 1809 1085 1886 ejus
1097 1804 1147 1873 fe·

227 1943 281 1986 rox
304 1941 380 2012 gens
400 1920 602 1986 alienaretur.
648 1919 692 1986 Et
713 1938 802 1986 erant
824 1920 855 1986 in
880 1921 1006 1988 civitate
1025 1919 1145 2014 Lingo-
1236 1902 1237 1905 Ἴ

226 2057 299 2102 num
321 2035 387 2102 odio
409 2035 595 2104 Batavorum
617 2037 792 2118 cohortes,
827 2036 1075 2126 quartaedecimae
1096 2039 1145 2104 le-

224 2153 323 2243 gionis
344 2153 481 2234 auxilia,
518 2170 583 2218 turn
605 2153 752 2220 discordia
775 2171 952 2244 temporum
976 2176 995 2218 a
1017 2154 1143 2245 legione

223 2269 392 2360 digresses:
413 2285 507 2358 prout
528 2270 751 2351 inclinassent,
780 2269 899 2359 grande
921 2287 1141 2352 momentum,

221 2387 313 2450 socier
326 2403 381 2449 aut
395 2385 548 2449 adversae.
573 2383 728 2465 Nonium,
750 2382 941 2466 Donatium,
956 2383 1140 2468 Romilium,

222 2497 448 2587 Calpurnium,
477 2498 692 2578 centuriones,
719 2498 884 2590 dequibus
913 2523 1004 2590 supra
1030 2477 1140 2568 retuliss

222 2633 305 2696 mus,
328 2612 425 2677 occidi
446 2612 550 2693 jussit,
573 2612 731 2678 damnatos
752 2613 823 2682 fidei
843 2617 990 2697 crimine,
1020 2619 1138 2708 gravis-

220 2727 295 2794 simo
317 2731 402 2794 inter
422 2728 647 2794 desciscentes.
680 2727 849 2798 Accessere
881 2732 1016 2822 partibus
1037 2734 1137 2801 Vale-

218 2845 282 2910 rius
303 2843 482 2925 Asiaticus,
520 2844 658 2934 Belgicae
679 2849 845 2934 provinciae
867 2849 1015 2940 legatus,
1043 2869 1137 2937 quem

217 2981 288 3025 mox
305 2959 454 3029 Vitellius
475 2983 624 3052 generum
647 2963 796 3030 adscivit:
818 2962 853 3030 dt
875 2962 980 3048 Juoius
998 2964 1136 3045 blaesus,

216 3072 430 3167 Lugdunensis
446 3074 561 3143 Gallim
582 3077 702 3159 rector,
723 3077 909 3146 cumltalica
932 3079 1075 3170 legione,
1098 3078 1135 3146 dt

132 3239 133 3242 =
213 3191 261 3260 ala
276 3188 431 3273 Taurino,
452 3189 597 3284 Lugduni
620 3193 834 3261 tendentibus.
864 3183 931 3263 Nel
952 3195 985 3260 in
1001 3193 1135 3260 Raetitis

211 3307 306 3398 copiis
331 3331 435 3390 mora,
457 3310 616 3397 quominus
631 3308 736 3374 statim
749 3312 1011 3402 adjungerentur.
1035 3309 1085 3378 Ne
1100 3311 1134 3377 in

210 3421 370 3498 britannia
390 3424 515 3520 quidem
539 3423 727 3491 dubitatum.
