2492 3942
176 276 887 362 AN.U·C.DCCCXXII.AER.CHR.69.
947 304 1010 363 ²⁹7

89 430 245 502 Voculam
267 444 459 519 sequuntur:
491 433 570 522 apud
592 453 686 523 quem
708 450 866 522 resumpto
886 431 1010 521 Vespa·

89 542 164 613 siaul
185 562 406 628 sacramento,
439 548 477 615 ad
501 545 691 616 liberandum
712 547 911 640 Mogontiaci
930 547 1009 614 obsi-

89 664 176 729 dium
200 662 407 729 ducebantur.
452 662 668 731 Discesseraut
690 665 877 746 obsessores,
898 660 1013 731 mlxtos

86 798 126 845 er
149 774 275 859 Cattis,
305 772 443 868 Usipiis,
473 778 638 849 Mattiacis
659 781 838 861 exercitus,
867 778 1014 845 satietate

86 890 301 985 praedae(o⁶),
325 906 383 959 nec
405 894 578 963 incruenti.
601 896 639 964 ln
662 897 711 963 sia
732 896 883 985 dispersos
904 892 939 961 <lt
957 914 1013 960 ne·

86 1010 164 1107 scios
186 1010 275 1075 miles
296 1026 404 1077 noster
427 1012 581 1079 invaserat
590 1054 602 1078 .·
623 1010 710 1103 Qrin
733 1010 768 1079 ὅ(
790 1011 920 1078 loricam
944 1010 1011 1077 sal-

84 1127 215 1214 iuntque
236 1145 293 1216 per
309 1122 384 1193 fines
406 1138 474 1195 suos'
490 1124 626 1217 Treveri
647 1147 812 1210 uruxcre,
833 1126 1012 1219 magnisque

84 1240 218 1309 invicem
239 1240 374 1310 cladibus
405 1266 480 1313 cum
496 1242 665 1313 Germanis
694 1235 885 1311 certabant:
913 1241 1012 1311 dorse

83 1339 214 1449 egregia
241 1378 316 1449 erga
345 1334 493 1451 populum
515 1360 698 1429 Romanum
725 1360 839 1430 meritc
865 1380 939 1427 mox
958 1377 1012 1425 te·

82 1473 183 1539 belles
204 1468 376 1543 soedrrent.

224 1704 291 1775 Au.
315 1728 345 1773 υ.
369 1732 398 1777 ο.
420 1728 584 1781 nctsxrssr.
605 1704 688 1776 AEuu
709 1711 794 1781 can
819 1734 872 1790 70⁶

173 1943 305 2007 Interim
327 1943 360 2007 ln
382 1938 463 2007 Urbe
478 1939 557 2026 falsi
580 1939 620 2007 ab
641 1938 752 2029 Africa
769 1956 923 2029 pavores«
990 1966 994 1980 ’

145 2166 343 2240 XXXVIII.
365 2168 491 2237 Interea
513 2169 876 2259 vespasianicum,
897 2192 934 2237 ac
949 2166 1008 2237 Ti-

85 2306 153 2370 tus,
177 2286 370 2355 consulatum
392 2287 534 2354 absentes
555 2286 714 2368 inierunt,
736 2303 850 2355 moesta
870 2284 906 2353 bt
927 2285 1011 2383 rnulf

84 2404 185 2493 riplici
208 2421 295 2471 mesu
316 2424 458 2495 suspensa
480 2403 630 2485 civitate,
651 2424 743 2493 quae,
772 2423 864 2493 supet
891 2403 1009 2468 instar„

86 2522 132 2587 tia
155 2522 257 2604 mals,
277 2516 368 2587 salsos
389 2541 520 2611 pavores
549 2520 713 2601 induerat,
735 2520 903 2590 desciuisse
918 2518 1008 2606 Asai·

83 2657 174 2715 cam,
194 2658 245 2702 res
268 2634 365 2705 nouas
385 2638 529 2705 moliente
540 2643 580 2705 L.
594 2640 722 2705 Pisone.
743 2635 775 2704 Is
786 2652 919 2725 praeerat
933 2658 1008 2726 pro.-
1066 2644 1069 2652 '

74 2750 216 2834 uincla,
239 2772 427 2842 nequaquam
442 2752 580 2820 turbidus
593 2752 736 2844 ingenio.
759 2750 821 2819 Sed
836 2754 1008 2843 quianaves

78 2866 204 2935 saevitla
227 2864 334 2933 hiemis
361 2867 616 2957 prohibebantur,
645 2869 772 2961 vulgus,
800 2868 946 2935 alimenta
973 2870 1008 2933 in

82 2985 151 3051 dies
172 2983 306 3050 mercari
332 2983 474 3064 solitum,
495 2986 545 3050 cui
570 3007 631 3051 una
652 3006 691 3051 er
706 2984 862 3075 republica
875 3002 1009 3049 sunonae

78 3120 162 3165 ¹cura
183 3104 272 3188 (⁶7),
295 3099 432 3166 clausurn
455 3098 548 3182 litus,
572 3101 704 3167 retineri
723 3116 913 3169 commeatus
933 3098 1007 3164 dum
1091 3142 1095 3155 .

83 3215 199 3296 timet,
221 3215 381 3283 credebat:
404 3214 584 3307 augentibus
606 3212 719 3283 samam
733 3215 932 3295 Vitellianis,
954 3213 1008 3303 qui

82 3327 221 3397 studium
242 3332 375 3421 partium
399 3331 534 3399 nondum
565 3349 749 3421 posuerant:
778 3350 819 3395 ue
848 3326 1009 3397 victoribus

81 3444 211 3535 quidem
233 3447 357 3541 ingrato
368 3468 512 3531 rumore,
534 3468 665 3537 quorum
677 3444 881 3537 cupiditates,
903 3461 1007 3515 extero
