2492 3942
238 273 299 369 sn
442 280 790 356 Hrsrournuum
812 281 898 355 Lus
921 279 982 353 111.
1105 343 1109 349 .

237 439 395 534 petatium
426 439 540 504 bellurn
569 455 705 526 putant,
733 435 824 502 linem
856 437 922 516 ejus
951 435 1168 526 insignivere.

238 557 289 630 Ne
311 553 441 624 Petilius
466 553 589 644 quidem
612 551 766 634 Cerialis,
794 571 865 619 curn
893 552 983 616 mille
1013 553 1169 640 equitibus

239 671 432 767 premissus,
455 686 492 736 ut
515 669 697 736 transversis
718 668 877 734 itineribus
898 687 956 756 per
978 689 1092 758 agrum
1118 668 1170 735 Sa·

239 792 365 869 binum,
392 783 506 852 Salaria
533 785 600 867 via,
624 779 746 852 Urbem
768 785 934 864 introiret,
966 784 1041 847 satis
1069 804 1171 851 mam·

241 920 385 989 raverat3
406 903 506 969 donec
528 901 639 968 obsessi
659 899 810 990 Capitolii
831 896 911 965 fama
932 897 1061 966 cunaos
1080 901 1171 966 simul

243 1021 381 1090 exciret.

245 1254 339 1324 Haud
355 1253 465 1341 procul
485 1251 566 1320 Urbe
586 1268 731 1339 equestre
748 1250 890 1340 prelium
913 1251 957 1315 iis
979 1248 1171 1318 adversum.

306 1481 464 1551 LXXIX.
488 1479 645 1548 Antonius
674 1505 733 1574 per
754 1479 936 1550 Flaminiam
955 1481 995 1548 ad
1016 1481 1098 1548 Saxa
1123 1506 1174 1547 ru-

247 1601 321 1680 bra,
343 1598 442 1664 multo
464 1600 525 1680 jam
548 1595 659 1680 nouis,
681 1619 784 1664 serum
803 1599 947 1666 auxilium
969 1600 1075 1662 venit.
1102 1597 1177 1665 Illic

249 1713 441 1802 interfeiium
463 1713 630 1796 sabinum,
652 1713 851 1802 conflagrasse
871 1713 1074 1802 Capitolium,
1106 1732 1179 1782 tre·

248 1853 334 1900 mere
358 1828 488 1912 Urbem,
510 1848 621 1898 moesta
643 1831 745 1896 omnia
767 1829 905 1920 accepit:
928 1828 1038 1918 plebem
1049 1851 1179 1915 quoque

251 1945 294 2022 lp
315 1949 444 2012 seruitia
471 1961 529 2034 pro
560 1946 683 2014 Vitellio
713 1951 854 2028 armari,
885 1945 1101 2012 nuntiabatur.
1131 1945 1178 2012 Et

251 2058 366 2129 Petilio
387 2057 505 2129 Ceriali
527 2063 671 2152 equestre
693 2063 839 2151 proelium
861 2062 1023 2128 adversum
1052 2058 1176 2128 fuerat:

253 2163 385 2268 namque
406 2179 580 2260 incautum,
604 2175 819 2266 &tamquam
842 2178 880 2244 ad
904 2177 996 2244 villos
1008 2195 1178 2259 ruentem,
1224 2260 1225 2263 Ἴ

252 2295 440 2376 Vitelliani,
463 2293 640 2375 interjectus
661 2294 759 2383 equiti
783 2294 894 2382 pedes,
916 2315 1091 2384 excepere.
1113 2293 1176 2361 Pu·

253 2428 384 2503 gnatum
409 2412 487 2476 haud
511 2410 617 2498 procul
642 2406 751 2491 Urbe,
782 2411 867 2474 inter
898 2409 1026 2476 aedificia
1054 2409 1176 2476 hortos-

253 2545 334 2612 que,
357 2525 391 2592 ἀ
414 2519 564 2590 anfractus
587 2525 723 2612 viarum3
746 2546 816 2615 quae
845 2547 941 2616 gnara
975 2526 1177 2608 Vitellianis,

254 2640 446 2727 incomperta
467 2639 618 2723 hostibus,
642 2660 761 2706 merum
782 2640 939 2708 fecerant:
962 2663 1072 2730 neque.
1080 2645 1178 2709 omnis

254 2774 345 2841 eques
366 2775 511 2835 concors,
532 2755 677 2837 adjunctis
697 2757 892 2846 quibusdam,
914 2758 967 2845 qui
981 2779 1085 2845 nuper
1097 2758 1177 2849 apud

254 2865 401 2938 Narniam
430 2869 546 2952 dediti,
576 2871 732 2938 fortunam
761 2873 894 2962 partium
922 2873 1178 2961 speculabantur:

252 2985 374 3074 capitur
394 2981 554 3077 praefelius
576 2988 636 3053 alre
658 2985 781 3055 Tullius
799 2986 976 3055 Flavianus:
999 2991 1104 3056 ceteri
1117 2987 1177 3059 foe·

252 3097 384 3193 defuga
417 3121 671 3172 consternantur:
704 3128 766 3172 nou
796 3104 877 3172 ultra
904 3102 1035 3170 Fidenas
1059 3107 1177 3175 secutis

253 3215 428 3287 vilioribus.
