2492 3942
195 278 272 324 uzo
408 244 930 323 HISTORIARUMLIB.11·
1018 261 1036 328 '.

202 444 207 450 -
261 398 459 472 XXXVIII.
483 401 609 482 Vetus,
631 421 667 468 ac
689 401 752 480 jam
773 400 892 490 pridem
923 397 1011 464 insita
1041 425 1150 472 mor--

201 517 488 611 talibus-potentio
508 515 639 606 cupido,
659 537 731 582 eum
761 515 884 607 imperii
911 516 1128 606 magnitudine

202 635 361 716 adolevit,
383 633 568 724 erupitque.
592 632 673 704 Nam
695 631 784 698 rebus
798 631 943 714 modicis,
964 635 1128 722 aequalitas

202 749 296 822 facile¹
315 750 496 816 habebatur:
514 747 576 824 ,sed
600 748 669 832 ubi,
689 745 808 814 monuo
830 748 925 830 orbe,
949 746 983 814 ἀ
1005 753 1129 818 aemulis

200 859 324 934 'urbibus
346 865 504 960 regibusve
526 865 651 948 excisis,
671 886 792 930 securas
813 886 887 954 opes
907 855 1128 957 concupiscere

202 1006 331 1052 vacuum
360 975 417 1050 fuit
447 989 537 1072 (54),
567 969 668 1072 prima
697 982 780 1047 inter
809 998 913 1072 patres
942 981 1127 1074 plebemque

202 1099 373 1167 certamina
393 1119 551 1167 exarsere.
582 1096 685 1164 Modo
706 1097 875 1164 turbulenti
891 1097 1031 1181 tribuni,
1056 1124 1126 1166 mo-

201 1217 243 1284 do
264 1216 403 1296 consules
424 1214 601 1307 praevnlidi,
623 1211 713 1282 &in
735 1205 827 1281 Urbe
857 1236 894 1280 ac
921 1209 990 1280 foro
1019 1233 1126 1283 tenta-

201 1333 464 1400 montanorum
488 1331 655 1398 serrorum.
677 1328 800 1398 More
827 1331 917 1420 plne
946 1329 1051 1398 infima
1081 1312 1125 1400 cl

203 1447 345 1530 Marius,
367 1446 402 1516 ἃ
426 1447 570 1512 nobilium
598 1447 776 1513 saevissimus
805 1441 846 1514 L.
877 1445 984 1528 Sulla,
1013 1448 1126 1517 vidam

202 1562 294 1630 armis
315 1563 490 1629 libertatem
510 1565 542 1627 in
566 1559 808 1632 dominationem
837 1579 1016 1630 verterunt.
1047 1563 1127 1633 Post

202 1675 353 1770 quos.Cu.
377 1675 545 1766 Pompeius
559 1677 727 1758 occultior,
746 1702 810 1744 non
823 1677 949 1744 melior.
973 1677 1016 1744 Et
1030 1703 1127 1747 oum-

201 1815 294 1886 quam
322 1811 448 1884 postea,
477 1793 603 1860 uiride
633 1793 810 1884 principatu
838 1793 1015 1884 quaesitun.
1028 1779 1032 1782 ⁴
1045 1793 1126 1863 Non

200 1911 366 1978 discessere
385 1909 422 1976 ab
444 1911 536 1977 armis
557 1911 588 1976 in
610 1908 766 1977 Pharsalia
787 1936 824 1980 ac
845 1910 994 2000 Philippis
1006 1911 1123 1978 civium
1200 1895 1226 1947 7

201 2025 356 2118 legiones3
377 2027 489 2094 nedum
511 2025 650 2094 Othonis
669 2050 705 2094 ac
722 2027 847 2096 Vitellii
861 2027 1015 2094 exercitus
1028 2051 1122 2120 spon·

200 2159 236 2208 te
258 2143 389 2232 posituri
411 2143 527 2212 bellum
550 2140 683 2211 suerint.
707 2141 823 2210 Eadem
842 2143 911 2209 illos
932 2143 1028 2211 derim
1057 2146 1120 2228 ira,

199 2257 308 2326 erdem
332 2258 491 2328 hominum
512 2259 628 2340 rabies,
651 2260 771 2326 eaedem
792 2259 944 2328 scelerum
965 2282 1066 2328 eausae
1088 2262 1119 2328 in

198 2373 383 2441 discordiam
407 2397 520 2466 egere.
541 2371 635 2465 Quod
659 2374 787 2467 singulis
809 2376 895 2444 velut
913 2373 1019 2444 idibus
1034 2395 1118 2444 tran·
1183 2413 1186 2422 ν

198 2487 371 2570 caelarunt
394 2487 491 2569 bella,
513 2489 636 2578 ignavia
648 2487 828 2582 Principum
843 2489 953 2558 saelum
969 2509 1034 2560 est.
1058 2493 1118 2560 sod

198 2623 251 2670 me
274 2619 414 2668 veterum
438 2623 655 2694 novorumque.
672 2626 791 2675 morum
820 2610 976 2698 reputatio
999 2608 1120 2702 longius

198 2717 289 2786 tulit:
313 2741 396 2784 nunc
417 2719 455 2784 ad
478 2739 582 2786 rerum
604 2721 743 2790 ordinem
766 2724 871 2791 venio.

195 2875 200 2882 ⁹
239 2891 388 2960 'Titianus
410 2891 454 2970 bl
475 2895 624 2964 Proculus
645 2897 694 2995 od·
706 2897 857 2984 quartum
877 2923 898 2966 a
919 2897 1071 2969 Bedriaco

198 2991 202 2999 ’
349 3029 459 3078 castra
480 3015 621 3098 imperite
641 3030 845 3101 promovent,
866 3013 911 3092 dn
931 3019 969 3085 de

504 3127 616 3216 prelio
639 3129 797 3198 dubitant.
846 3135 850 3138 ’

132 3347 139 3364 .
254 3295 413 3368 XXXIX.
444 3297 586 3368 Profelio
601 3301 771 3374 Brixellum
787 3305 937 3392 Othone,
953 3305 1053 3374 houor
1059 3306 1120 3374 im·

195 3415 271 3502 perii
294 3439 389 3508 penes
411 3413 573 3485 Titianum
596 3415 745 3505 fratrem,
768 3423 813 3491 ris
835 3445 872 3490 ac
892 3434 1031 3516 potestas
1063 3445 1119 3514 pe⁴
