2492 3942
168 288 901 429 nnucssucccxnutmncuu.70.
964 342 1024 399 332

108 466 276 534 maturavit
297 466 485 555 superiorem
514 462 694 533 Germaniae
723 470 839 557 ripam,
868 462 905 531 ἃ
933 465 1028 531 ardue
1100 487 1102 498 ·

110 578 238 671 Alpium
260 578 406 671 praesidiis
425 582 586 648 claudere.
605 581 719 672 »Atque
740 584 865 650 interim
887 580 1028 649 unaetvi-

109 697 221 765 cesimn
243 690 327 790 legio
348 697 552 780 Vindonissa,
574 698 718 766 Sextilius
739 699 827 765 Felix
848 705 922 764 cum
943 690 1029 761 auti·

109 813 202 879 liariis
222 813 397 879 cohortibus
419 836 477 904 per
506 812 664 898 Raetiom,
693 816 854 904 inrupere.
887 810 1030 880 Accessit

109 931 159 995 ola
180 927 387 1021 Singularium
410 937 523 1019 (τιό),
546 931 648 997 excita
669 932 743 998 olim
766 929 951 1012 aVitellio,
972 928 1029 994 de»

108 1044 183 1111 inde
205 1046 236 1109 in
260 1063 364 1135 partes
385 1046 566 1135 Vespasiani
589 1059 791 1141 transgresso.
814 1044 956 1112 Praeerat
977 1040 1030 1129 lu*

109 1162 170 1226 lius
191 1160 406 1253 Briganticus,
429 1183 534 1227 sorore
559 1160 668 1230 Civilis
697 1162 838 1254 genitus,
867 1180 903 1227 ut
933 1157 1030 1225 serme

107 1276 260 1343 acerrimo
290 1278 498 1367 proximorum
526 1278 592 1344 odia
621 1295 712 1360 sunt,
742 1279 853 1344 invisus
881 1274 1031 1343 avunculo

111 1388 326 1481 infensusque.
340 1390 444 1459 Tutor
459 1390 670 1461 Treverorum
682 1396 802 1483 copies,
815 1392 1031 1461 recentiVan-

110 1508 264 1600 gionum,
293 1507 499 1575 Caeracatium
527 1518 649 1599 (117),
678 1506 883 1577 Tribocorum
911 1506 1032 1576 deleliu

111 1622 230 1706 auilas,
253 1642 399 1691 ueterano
419 1626 525 1715 pedite
547 1628 769 1715 atque'equite
789 1627 939 1706 firmavit,
961 1646 1032 1689 cor·
1086 1663 1090 1672 ι

110 1741 211 1830 ruptis
232 1762 305 1829 spe,
326 1758 380 1806 aut
401 1756 488 1807 metu
511 1740 636 1805 suballis
654 1742 843 1831 legionario:
860 1728 918 1830 'qui
933 1740 1032 1827 primo

112 1855 294 1935 cohortem,
315 1857 541 1944 praemissamo
571 1852 702 1919 Sextilio
732 1844 856 1937 Felice,
884 1850 1033 1918 interlici-

114 1986 193 2056 unt3
214 1990 286 2033 mox
307 1970 358 2033 ubi
378 1968 468 2035 duces
491 1970 706 2059 exercitusque
727 1968 886 2037 Romanus
907 1968 1034 2059 propin⁴

114 2084 267 2175 quabant,
290 2083 418 2181 honesto
443 2081 613 2175 transfugio
635 2084 771 2151 rediere:
794 2086 904 2151 secutis
918 2082 1034 2148 Tribo-

114 2202 158 2269 cis
165 2250 175 2284 ,
199 2200 471 2293 Vangionibusque
492 2198 528 2267 ἀ
550 2199 777 2267 Caracotibus.
799 2191 922 2282 Tutor,
950 2194 1035 2264 Tre·

115 2320 197 2386 veris
224 2318 468 2398 comitantibus,
498 2317 595 2382 vitato
628 2312 864 2408 Mogontiaco,
892 2315 1035 2407 Bingium

115 2437 288 2516 concessit,
312 2432 407 2501 fidens
429 2434 499 2499 loco
506 2482 517 2515 ,
539 2433 609 2523 quia
631 2452 758 2523 pontem
782 2433 878 2502 Nauae
900 2429 1033 2497 fluminis

116 2552 296 2641 abruperat:
326 2552 377 2617 sed
408 2552 530 2617 incursu
557 2547 761 2631 cohortium,
787 2570 863 2639 quas
890 2547 1036 2617 Sextilius

117 2668 267 2747 ducebat,
289 2663 323 2731 &
352 2684 477 2755 reperto
508 2663 601 2747 vado,
634 2665 772 2755 proditus
799 2662 959 2757 fususque.
989 2662 1036 2729 Ea
1092 2647 1095 2651 ’

116 2777 208 2847 clade
230 2780 361 2869 perculsi
383 2778 535 2869 Treveri3
560 2780 600 2867 A&
633 2782 752 2871 plebes,
781 2783 897 2848 omissis
926 2781 1037 2859 armis,

117 2918 178 2989 per
200 2916 291 2989 agros
314 2898 448 2985 palaturt
472 2898 595 2986 quidam
617 2900 806 2991 principum,
824 2917 858 2965 ut
873 2898 964 2987 primi
980 2916 1037 2984 po·

118 3014 211 3078 suisoe
234 3011 344 3077 bellum
367 3011 565 3096 viderentur,
595 3014 627 3079 in
649 3015 817 3096 civitates,
846 3030 918 3101 quae
940 3008 1039 3075 socie·

120 3146 220 3195 tatem
244 3127 418 3195 Romanam
440 3150 501 3194 non
526 3148 692 3212 exuerant,
722 3126 943 3219 perfugeruut.
972 3123 1039 3193 Le·

121 3245 247 3335 giones,
268 3266 286 3310 a
309 3244 442 3313 Novesio
464 3242 631 3337 Bonnaque
654 3248 685 3311 in
708 3244 884 3323 Treveros,
904 3256 1040 3331 utsupra

124 3362 377 3444 memorovaus,
400 3359 563 3443 traduiiae,
585 3384 618 3425 se
640 3362 717 3451 ipsas
739 3362 771 3424 in
801 3359 890 3424 uerba
918 3353 1040 3447 Vespa·

124 3474 198 3541 siani
219 3454 478 3568 adigunt'lrru).
502 3473 609 3563 Haec,
632 3474 802 3549 Valentino
816 3474 961 3559 absente,
983 3492 1040 3566 ge-
