2492 3942
217 209 641 283 HISTORIARUM
669 212 849 291 NOTAE·
931 237 992 294 39⁹

103 359 242 423 Ernestus,
260 373 303 423 pro
320 353 424 424 vulgato
434 351 525 428 facer.
549 358 662 420 Facem,
686 354 811 422 intellige,
835 370 907 405 sunm
926 357 994 419 quis·

103 446 172 495 que,
190 443 242 480 suae
261 429 365 496 quisque
382 445 446 480 arae·
466 430 506 479 De
525 422 716 500 Augustalibus
740 428 798 480 vide
815 429 885 478 Aren·
906 444 930 492 r,
951 444 992 487 54·

65 500 154 573 (148)
172 509 265 554 Vetera
289 497 408 556 odiorum
430 499 561 555 nomina.
588 501 688 554 Veteres
713 499 826 551 nominis
848 501 992 553 exsecrandi

102 575 219 627 libertos.

64 643 150 720 (149)
169 651 282 719 sumptu
294 661 444 718 ganeaque·
463 647 538 696 Hanc
556 643 669 697 Palmerii
683 632 886 698 emendationem
900 647 993 714 recepit

100 718 230 778 Pichena‚
247 733 293 770 nec
312 718 385 786 longe
403 717 496 770 abeunt
515 717 580 768 Flor-
599 725 625 769 tr
643 718 740 786 Regius
763 717 789 769 in
811 715 902 786 quibus
920 734 991 769 men·
1042 780 1046 788 ι

99 793 161 842 dose
178 790 290 843 scribitur
301 789 484 862 gaianeaqur·
510 788 595 842 Mallet
614 791 731 855 Ryclrius
755 807 768 842 e
787 805 833 841 suo
850 790 933 841 codiee
949 788 962 845 l
979 822 990 833 -

98 863 246 932 uariaque·
264 863 331 917 Editi
351 875 446 915 veteres
464 863 533 914 nullo
551 879 627 915 sensu
646 861 759 916 Gaiana
776 877 866 932 aqua·

59 931 144 1008 (¹50)
162 933 268 999 Navita
285 930 384 988 millies
401 933 569 990 sertertium·
587 933 675 988 Libell.
682 947 804 990 nostrates
822 949 989 992 rrr5ooono.

61 1007 146 1082 (151)
166 1003 330 1061 Marcellus.
349 1009 440 1076 Eprius
459 1007 590 1061 Marcellus
607 1007 712 1060 oratoria
728 1007 799 1060 laude
817 1007 941 1075 insignis,
957 1007 988 1059 de

96 1088 149 1148 quo
167 1080 223 1133 vide
243 1083 309 1131 Arm·
332 1091 373 1148 ιδ,
391 1096 437 1143 22,
455 1089 478 1132 dr
498 1080 565 1132 Hist·
585 1097 612 1140 4,
632 1090 646 1130 6
665 1089 690 1133 ἀ
709 1096 753 1140 43.

59 1150 142 1223 (152)
160 1156 239 1206 Mare
256 1168 354 1225 qaoque
370 1152 526 1207 Etesiarum
535 1149 630 1220 flatu·
657 1157 699 1206 lta
721 1151 803 1205 locum
827 1151 898 1205 hunc
916 1153 988 1216 resti-

96 1239 203 1277 tuerunt
221 1226 367 1277 Rhenanus
385 1234 408 1278 ὰ
427 1230 570 1286 treiectus,
589 1233 613 1278 tr
627 1226 702 1278 edidit
716 1226 873 1280 Gronovius.
893 1227 987 1278 Emen-

94 1297 223 1351 dationem
248 1298 314 1360 iuvit
339 1299 406 1351 Flor.
425 1297 450 1348 in
475 1315 526 1363 quo
549 1297 677 1360 scribitur,
701 1315 772 1352 mare
793 1315 892 1370 quoque
907 1297 989 1358 Eteri

86 1365 183 1438 flabra
201 1366 342 1442 Aquilonis
360 1387 436 1424 arum
445 1369 540 1438 flata.
566 1369 616 1420 Ubi
628 1371 728 1425 telarum
754 1384 792 1422 est
810 1387 885 1424 voees
894 1368 987 1440 flabra

92 1439 241 1515 Aquilonis
258 1461 272 1496 e
291 1445 403 1512 margine
422 1444 449 1497 in
467 1456 568 1496 textum
587 1443 722 1508 irrepsisse.
747 1444 816 1498 Editi
840 1457 900 1494 ante
919 1445 985 1496 Gro-

93 1515 228 1578 novium,
252 1533 322 1570 mare
345 1533 445 1590 quaque
469 1515 566 1588 letanie
582 1513 712 1586 flabant:
739 1513 833 1571 baram
847 1513 927 1586 flatu
953 1515 984 1571 in

92 1586 221 1640 orientem
237 1581 293 1647 dtr.
312 1591 409 1644 Etesias
427 1589 539 1666 describit
564 1587 659 1642 Plinius
678 1606 707 1652 ι,
722 1605 767 1648 47·
788 1586 984 1644 Ardentirrimr

91 1658 196 1713 artatis
214 1672 321 1736 tempore
337 1659 449 1716 exeritur
467 1655 603 1714 Canicula
621 1660 715 1724 sidus,
734 1659 785 1714 sole
798 1661 911 1734 primam
924 1675 984 1734 par·

92 1743 148 1786 tem
165 1731 263 1787 Leonis
280 1731 464 1806 ingrediente:
480 1728 561 1801 bajus
579 1744 702 1786 exartum
718 1730 809 1786 Aiebat
826 1730 882 1786 adia
893 1731 983 1804 ferme

92 1801 244 1876 Aquilaner
260 1802 438 1865 antecedunt,
455 1821 516 1872 quar
536 1803 679 1866 prodromos
696 1800 847 1876 appellant:
867 1816 925 1876 port
942 1801 983 1856 bi·

92 1874 180 1930 duum
196 1886 285 1929 autem
303 1873 405 1928 exoretis
424 1870 666 1942 titemraqaitones
684 1874 849 1928 constantius
867 1874 982 1946 perflant

89 1943 186 2003 dietas
202 1945 396 2020 quadraginta,
412 1960 473 2016 quor
490 1944 586 1998 Etesias
606 1958 718 2014 uocant,
735 1945 783 1998 hoc
801 1961 865 2009 est,
889 1962 982 2004 ventos

91 2032 161 2071 certa
178 2034 240 2070 anm
258 2033 408 2086 tempestate
428 2031 522 2072 statos.

55 2089 142 2164 (153)
161 2087 307 2162 Perfidiam
324 2087 468 2146 meditata·
495 2093 536 2142 Ita
554 2089 631 2142 edidit
650 2093 793 2158 Ernestus,
817 2107 845 2148 ut
869 2092 981 2160 placebat

90 2167 118 2230 J.
138 2164 286 2225 Grannum,
310 2179 353 2232 pro
377 2165 482 2232 vulgato
497 2159 644 2235 perfidiam
661 2161 811 2218 meditanti
828 2205 838 2234 ‚
856 2169 920 2235 quod
939 2183 980 2220 est

89 2254 122 2288 err
143 2235 244 2304 iugenio
263 2235 405 2290 Rhenani.
422 2238 527 2291 Codices
547 2235 636 2288 &editi
654 2237 882 2293 anteRheurnum
890 2255 979 2293 omnes

90 2307 186 2360 habent
198 2306 359 2364 meditato.

52 2378 138 2451 (154)
157 2379 262 2436 Prodite
278 2379 387 2455 Galba.
407 2383 469 2434 Vide
486 2383 555 2435 Hist·
576 2401 601 2442 ι,
622 2397 666 2445 53.
691 2381 762 2436 Infra
785 2400 828 2450 pro
851 2385 976 2437 editorum

87 2452 259 2508 anteirentur
277 2463 300 2510 dt
320 2453 446 2510 videatur
463 2489 473 2518 ‚
491 2455 604 2510 dedimus
621 2473 679 2506 cum
694 2461 799 2509 Ernesto
816 2475 848 2510 er
867 2457 977 2510 editione

90 2523 173 2590 prima
192 2528 337 2582 antriretrrr
354 2537 378 2582 dr
397 2525 520 2586 videtur.
539 2535 580 2584 De
598 2526 649 2582 solo
666 2527 734 2580 enim
753 2531 856 2582 Caecina
872 2546 976 2583 sermo.

90 2600 184 2650 Vocem
192 2599 333 2655 Vitellium
352 2603 477 2668 posteriori
497 2602 565 2664 loco,
584 2615 713 2668 tamquam
730 2599 815 2671 inepte
828 2603 977 2671 repetitam,

89 2670 157 2724 delet
173 2670 290 2738 Lipsius,
307 2689 353 2726 nec
369 2675 485 2742 agnoseit
504 2674 616 2744 Regius·

421 3015 605 3248 *eff
636 3145 640 3152 ,
