<?xml version="1.0" encoding="UTF-8"?>
<!DOCTYPE html PUBLIC "-//W3C//DTD XHTML 1.0 Transitional//EN"
    "http://www.w3.org/TR/xhtml1/DTD/xhtml1-transitional.dtd">
<html xmlns="http://www.w3.org/1999/xhtml" xml:lang="en" lang="en">
 <head>
  <title>
</title>
<meta http-equiv="Content-Type" content="text/html;charset=utf-8" />
  <meta name='ocr-system' content='tesseract 3.04.00' />
  <meta name='ocr-capabilities' content='ocr_page ocr_carea ocr_par ocr_line ocrx_word'/>
</head>
<body>
  <div class='ocr_page' id='page_1' title='image "./ccorneliitaciti00bettgoog_0209.png"; bbox 0 0 2492 3942; ppageno 0'>
   <div class='ocr_carea' id='block_1_1' title="bbox 165 241 1007 333">
    <p class='ocr_par' dir='ltr' id='par_1_1' title="bbox 165 241 1007 333">
     <span class='ocr_line' id='line_1_1' title="bbox 165 241 1007 333; baseline 0.008 -19"><span class='ocrx_word' id='word_1_1' title='bbox 165 241 881 328; x_wconf 79' lang='lat' dir='ltr'>AN.U.C.DCCCXX11.AER.CHR.on.</span> <span class='ocrx_word' id='word_1_2' title='bbox 941 277 1007 333; x_wconf 83' lang='lat'>205</span> 
     </span>
    </p>
   </div>
   <div class='ocr_carea' id='block_1_2' title="bbox 32 394 1018 3508">
    <p class='ocr_par' dir='ltr' id='par_1_2' title="bbox 32 394 1018 3508">
     <span class='ocr_line' id='line_1_2' title="bbox 87 394 1010 490; baseline 0.002 -26"><span class='ocrx_word' id='word_1_3' title='bbox 87 394 252 464; x_wconf 83' lang='lat' dir='ltr'>libidinem.</span> <span class='ocrx_word' id='word_1_4' title='bbox 264 418 300 462; x_wconf 90' lang='lat' dir='ltr'>ac</span> <span class='ocrx_word' id='word_1_5' title='bbox 313 397 460 463; x_wconf 75' lang='lat' dir='ltr'>servitiam</span> <span class='ocrx_word' id='word_1_6' title='bbox 483 397 675 487; x_wconf 83' lang='lat' dir='ltr'>corruptior.</span> <span class='ocrx_word' id='word_1_7' title='bbox 698 397 770 466; x_wconf 83' lang='lat' dir='ltr'>Non</span> <span class='ocrx_word' id='word_1_8' title='bbox 783 399 935 490; x_wconf 82' lang='lat' dir='ltr'>dignitas,</span> <span class='ocrx_word' id='word_1_9' title='bbox 948 421 1010 466; x_wconf 89' lang='lat' dir='ltr'>non</span> 
     </span>
     <span class='ocr_line' id='line_1_3' title="bbox 87 513 1010 604; baseline 0.002 -25"><span class='ocrx_word' id='word_1_10' title='bbox 87 533 161 580; x_wconf 81' lang='lat' dir='ltr'>aetas</span> <span class='ocrx_word' id='word_1_11' title='bbox 183 513 388 604; x_wconf 83' lang='lat' dir='ltr'>protegebat,</span> <span class='ocrx_word' id='word_1_12' title='bbox 408 534 471 602; x_wconf 91' lang='lat' dir='ltr'>quo</span> <span class='ocrx_word' id='word_1_13' title='bbox 492 513 592 578; x_wconf 86' lang='lat' dir='ltr'>minus</span> <span class='ocrx_word' id='word_1_14' title='bbox 613 531 717 603; x_wconf 90' lang='lat' dir='ltr'>stupra</span> <span class='ocrx_word' id='word_1_15' title='bbox 739 515 889 596; x_wconf 81' lang='lat' dir='ltr'>caedibus,</span> <span class='ocrx_word' id='word_1_16' title='bbox 910 513 1010 581; x_wconf 73' lang='lat' dir='ltr'>entes</span> 
     </span>
     <span class='ocr_line' id='line_1_4' title="bbox 87 621 1009 718; baseline 0.002 -25"><span class='ocrx_word' id='word_1_17' title='bbox 87 628 199 718; x_wconf 84' lang='lat' dir='ltr'>stupris</span> <span class='ocrx_word' id='word_1_18' title='bbox 221 629 444 695; x_wconf 83' lang='lat' dir='ltr'>miscerentur.</span> <span class='ocrx_word' id='word_1_19' title='bbox 467 626 661 696; x_wconf 83' lang='lat' dir='ltr'>Grandaevor</span> <span class='ocrx_word' id='word_1_20' title='bbox 681 649 786 713; x_wconf 84' lang='lat' dir='ltr'>senes,</span> <span class='ocrx_word' id='word_1_21' title='bbox 808 629 911 697; x_wconf 72' lang='lat' dir='ltr'>enada</span> <span class='ocrx_word' id='word_1_22' title='bbox 933 621 1009 696; x_wconf 67' lang='lat' dir='ltr'>atta·</span> 
     </span>
     <span class='ocr_line' id='line_1_5' title="bbox 86 741 1011 835; baseline 0.003 -26"><span class='ocrx_word' id='word_1_23' title='bbox 86 763 121 810; x_wconf 89' lang='lat' dir='ltr'>te</span> <span class='ocrx_word' id='word_1_24' title='bbox 146 741 299 828; x_wconf 82' lang='lat' dir='ltr'>feminas,</span> <span class='ocrx_word' id='word_1_25' title='bbox 334 745 408 811; x_wconf 84' lang='lat' dir='ltr'>viles</span> <span class='ocrx_word' id='word_1_26' title='bbox 436 745 473 810; x_wconf 85' lang='lat' dir='ltr'>ad</span> <span class='ocrx_word' id='word_1_27' title='bbox 496 745 631 835; x_wconf 86' lang='lat' dir='ltr'>praedam</span> <span class='ocrx_word' id='word_1_28' title='bbox 654 753 764 834; x_wconf 83' lang='lat'>(⁶4),</span> <span class='ocrx_word' id='word_1_29' title='bbox 793 747 824 812; x_wconf 90' lang='lat' dir='ltr'>in</span> <span class='ocrx_word' id='word_1_30' title='bbox 847 746 1011 814; x_wconf 84' lang='lat' dir='ltr'>ludibrium</span> 
     </span>
     <span class='ocr_line' id='line_1_6' title="bbox 88 854 1011 952; baseline 0.001 -26"><span class='ocrx_word' id='word_1_31' title='bbox 88 861 273 928; x_wconf 83' lang='lat' dir='ltr'>trahebant.</span> <span class='ocrx_word' id='word_1_32' title='bbox 302 854 368 926; x_wconf 90' lang='lat' dir='ltr'>Ubi</span> <span class='ocrx_word' id='word_1_33' title='bbox 391 859 495 928; x_wconf 87' lang='lat' dir='ltr'>adulta</span> <span class='ocrx_word' id='word_1_34' title='bbox 520 862 629 952; x_wconf 88' lang='lat' dir='ltr'>virgo,</span> <span class='ocrx_word' id='word_1_35' title='bbox 650 881 705 930; x_wconf 89' lang='lat' dir='ltr'>aut</span> <span class='ocrx_word' id='word_1_36' title='bbox 725 863 793 951; x_wconf 85' lang='lat' dir='ltr'>quis</span> <span class='ocrx_word' id='word_1_37' title='bbox 815 859 915 930; x_wconf 85' lang='lat' dir='ltr'>forma</span> <span class='ocrx_word' id='word_1_38' title='bbox 934 885 1011 930; x_wconf 87' lang='lat' dir='ltr'>con-</span> 
     </span>
     <span class='ocr_line' id='line_1_7' title="bbox 85 977 1010 1068; baseline 0 -26"><span class='ocrx_word' id='word_1_39' title='bbox 85 978 204 1066; x_wconf 85' lang='lat' dir='ltr'>spicuus</span> <span class='ocrx_word' id='word_1_40' title='bbox 226 977 404 1058; x_wconf 79' lang='lat' dir='ltr'>incidisset,</span> <span class='ocrx_word' id='word_1_41' title='bbox 433 977 462 1043; x_wconf 84' lang='lat' dir='ltr'>vi</span> <span class='ocrx_word' id='word_1_42' title='bbox 485 977 682 1067; x_wconf 88' lang='lat' dir='ltr'>manibusque</span> <span class='ocrx_word' id='word_1_43' title='bbox 702 979 887 1068; x_wconf 84' lang='lat' dir='ltr'>rapientium</span> <span class='ocrx_word' id='word_1_44' title='bbox 907 978 1010 1045; x_wconf 83' lang='lat' dir='ltr'>divul-</span> 
     </span>
     <span class='ocr_line' id='line_1_8' title="bbox 84 1093 1009 1186; baseline 0.004 -28"><span class='ocrx_word' id='word_1_45' title='bbox 84 1116 152 1173; x_wconf 87' lang='lat' dir='ltr'>sus,</span> <span class='ocrx_word' id='word_1_46' title='bbox 174 1094 255 1183; x_wconf 79' lang='lat' dir='ltr'>ipsos</span> <span class='ocrx_word' id='word_1_47' title='bbox 267 1111 425 1183; x_wconf 82' lang='lat' dir='ltr'>postremo</span> <span class='ocrx_word' id='word_1_48' title='bbox 447 1093 622 1184; x_wconf 86' lang='lat' dir='ltr'>direptores</span> <span class='ocrx_word' id='word_1_49' title='bbox 643 1095 675 1160; x_wconf 89' lang='lat' dir='ltr'>in</span> <span class='ocrx_word' id='word_1_50' title='bbox 687 1112 825 1162; x_wconf 82' lang='lat' dir='ltr'>mutuam</span> <span class='ocrx_word' id='word_1_51' title='bbox 838 1095 1009 1186; x_wconf 83' lang='lat' dir='ltr'>pernitiem</span> 
     </span>
     <span class='ocr_line' id='line_1_9' title="bbox 83 1207 1011 1302; baseline -0.003 -24"><span class='ocrx_word' id='word_1_52' title='bbox 83 1211 210 1301; x_wconf 82' lang='lat' dir='ltr'>agebat.</span> <span class='ocrx_word' id='word_1_53' title='bbox 234 1207 322 1276; x_wconf 91' lang='lat' dir='ltr'>Dum</span> <span class='ocrx_word' id='word_1_54' title='bbox 336 1209 517 1298; x_wconf 76' lang='lat' dir='ltr'>pecuniam,</span> <span class='ocrx_word' id='word_1_55' title='bbox 538 1210 587 1276; x_wconf 79' lang='lat' dir='ltr'>nel</span> <span class='ocrx_word' id='word_1_56' title='bbox 600 1212 706 1302; x_wconf 80' lang='lat' dir='ltr'>gravio</span> <span class='ocrx_word' id='word_1_57' title='bbox 726 1235 803 1279; x_wconf 88' lang='lat' dir='ltr'>auro</span> <span class='ocrx_word' id='word_1_58' title='bbox 823 1211 1011 1300; x_wconf 87' lang='lat' dir='ltr'>templorum</span> 
     </span>
     <span class='ocr_line' id='line_1_10' title="bbox 82 1323 1010 1415; baseline -0.001 -23"><span class='ocrx_word' id='word_1_59' title='bbox 82 1327 183 1408; x_wconf 86' lang='lat' dir='ltr'>dona,</span> <span class='ocrx_word' id='word_1_60' title='bbox 205 1323 259 1390; x_wconf 89' lang='lat' dir='ltr'>sibi</span> <span class='ocrx_word' id='word_1_61' title='bbox 280 1327 407 1415; x_wconf 80' lang='lat' dir='ltr'>quisque</span> <span class='ocrx_word' id='word_1_62' title='bbox 430 1325 576 1409; x_wconf 88' lang='lat' dir='ltr'>trahunt,</span> <span class='ocrx_word' id='word_1_63' title='bbox 599 1331 718 1410; x_wconf 82' lang='lat' dir='ltr'>majore</span> <span class='ocrx_word' id='word_1_64' title='bbox 728 1329 865 1395; x_wconf 79' lang='lat' dir='ltr'>aliorum</span> <span class='ocrx_word' id='word_1_65' title='bbox 874 1327 904 1393; x_wconf 86' lang='lat' dir='ltr'>vi</span> <span class='ocrx_word' id='word_1_66' title='bbox 920 1343 1010 1394; x_wconf 88' lang='lat' dir='ltr'>trun-</span> 
     </span>
     <span class='ocr_line' id='line_1_11' title="bbox 81 1439 1008 1545; baseline -0.001 -37"><span class='ocrx_word' id='word_1_67' title='bbox 81 1443 250 1508; x_wconf 70' lang='lat' dir='ltr'>cabantur.</span> <span class='ocrx_word' id='word_1_68' title='bbox 277 1439 413 1531; x_wconf 82' lang='lat' dir='ltr'>Quidam</span> <span class='ocrx_word' id='word_1_69' title='bbox 435 1442 524 1509; x_wconf 85' lang='lat' dir='ltr'>obvia</span> <span class='ocrx_word' id='word_1_70' title='bbox 545 1446 718 1532; x_wconf 87' lang='lat' dir='ltr'>aspernati,</span> <span class='ocrx_word' id='word_1_71' title='bbox 744 1443 919 1545; x_wconf 63' lang='lat' dir='ltr'>verbpribus</span> <span class='ocrx_word' id='word_1_72' title='bbox 941 1460 1008 1508; x_wconf 91' lang='lat' dir='ltr'>tor-</span> 
     </span>
     <span class='ocr_line' id='line_1_12' title="bbox 79 1557 1008 1648; baseline 0.002 -24"><span class='ocrx_word' id='word_1_73' title='bbox 79 1557 258 1648; x_wconf 84' lang='lat' dir='ltr'>mentisque</span> <span class='ocrx_word' id='word_1_74' title='bbox 281 1557 475 1624; x_wconf 88' lang='lat' dir='ltr'>dominorum</span> <span class='ocrx_word' id='word_1_75' title='bbox 497 1559 597 1626; x_wconf 86' lang='lat' dir='ltr'>abdita</span> <span class='ocrx_word' id='word_1_76' title='bbox 611 1561 760 1644; x_wconf 79' lang='lat' dir='ltr'>scrutari,</span> <span class='ocrx_word' id='word_1_77' title='bbox 784 1557 901 1628; x_wconf 83' lang='lat' dir='ltr'>defossa</span> <span class='ocrx_word' id='word_1_78' title='bbox 916 1579 1008 1626; x_wconf 87' lang='lat' dir='ltr'>erue-</span> 
     </span>
     <span class='ocr_line' id='line_1_13' title="bbox 79 1653 1008 1768; baseline -0.002 -26"><span class='ocrx_word' id='word_1_79' title='bbox 79 1697 132 1742; x_wconf 88' lang='lat' dir='ltr'>re.</span> <span class='ocrx_word' id='word_1_80' title='bbox 169 1673 268 1742; x_wconf 80' lang='lat' dir='ltr'>Faces</span> <span class='ocrx_word' id='word_1_81' title='bbox 288 1675 321 1739; x_wconf 92' lang='lat' dir='ltr'>in</span> <span class='ocrx_word' id='word_1_82' title='bbox 346 1675 504 1743; x_wconf 83' lang='lat' dir='ltr'>manibus:</span> <span class='ocrx_word' id='word_1_83' title='bbox 533 1653 625 1764; x_wconf 87' lang='lat' dir='ltr'>quas,</span> <span class='ocrx_word' id='word_1_84' title='bbox 650 1677 699 1743; x_wconf 89' lang='lat' dir='ltr'>ubi</span> <span class='ocrx_word' id='word_1_85' title='bbox 722 1678 860 1765; x_wconf 70' lang='lat' dir='ltr'>prodam</span> <span class='ocrx_word' id='word_1_86' title='bbox 883 1695 1008 1768; x_wconf 81' lang='lat' dir='ltr'>egesse-</span> 
     </span>
     <span class='ocr_line' id='line_1_14' title="bbox 79 1787 1009 1881; baseline -0.002 -23"><span class='ocrx_word' id='word_1_87' title='bbox 79 1809 171 1874; x_wconf 87' lang='lat' dir='ltr'>rant,</span> <span class='ocrx_word' id='word_1_88' title='bbox 194 1791 228 1855; x_wconf 93' lang='lat' dir='ltr'>in</span> <span class='ocrx_word' id='word_1_89' title='bbox 252 1811 360 1856; x_wconf 87' lang='lat' dir='ltr'>vacuas</span> <span class='ocrx_word' id='word_1_90' title='bbox 381 1790 506 1872; x_wconf 87' lang='lat' dir='ltr'>domos,</span> <span class='ocrx_word' id='word_1_91' title='bbox 534 1789 569 1856; x_wconf 88' lang='lat'>&amp;</span> <span class='ocrx_word' id='word_1_92' title='bbox 593 1791 694 1856; x_wconf 85' lang='lat' dir='ltr'>inania</span> <span class='ocrx_word' id='word_1_93' title='bbox 716 1793 853 1881; x_wconf 87' lang='lat' dir='ltr'>templa,</span> <span class='ocrx_word' id='word_1_94' title='bbox 883 1812 941 1879; x_wconf 90' lang='lat' dir='ltr'>per</span> <span class='ocrx_word' id='word_1_95' title='bbox 961 1787 1009 1856; x_wconf 76' lang='lat' dir='ltr'>la·</span> 
     </span>
     <span class='ocr_line' id='line_1_15' title="bbox 79 1902 1011 1996; baseline -0.005 -23"><span class='ocrx_word' id='word_1_96' title='bbox 79 1907 208 1974; x_wconf 76' lang='lat' dir='ltr'>triviam</span> <span class='ocrx_word' id='word_1_97' title='bbox 231 1903 455 1984; x_wconf 78' lang='lat' dir='ltr'>jaculabantur:</span> <span class='ocrx_word' id='word_1_98' title='bbox 479 1921 576 1992; x_wconf 90' lang='lat' dir='ltr'>utque</span> <span class='ocrx_word' id='word_1_99' title='bbox 598 1904 756 1987; x_wconf 83' lang='lat' dir='ltr'>exercitu,</span> <span class='ocrx_word' id='word_1_100' title='bbox 778 1907 863 1972; x_wconf 79' lang='lat' dir='ltr'>vario</span> <span class='ocrx_word' id='word_1_101' title='bbox 877 1902 1011 1996; x_wconf 76' lang='lat' dir='ltr'>linguis,</span> 
     </span>
     <span class='ocr_line' id='line_1_16' title="bbox 78 2008 1012 2102; baseline -0.006 -12"><span class='ocrx_word' id='word_1_102' title='bbox 78 2008 239 2099; x_wconf 82' lang='lat' dir='ltr'>moribus,</span> <span class='ocrx_word' id='word_1_103' title='bbox 261 2017 310 2082; x_wconf 91' lang='lat' dir='ltr'>cui</span> <span class='ocrx_word' id='word_1_104' title='bbox 332 2019 433 2097; x_wconf 84' lang='lat' dir='ltr'>cives,</span> <span class='ocrx_word' id='word_1_105' title='bbox 464 2018 557 2099; x_wconf 80' lang='lat' dir='ltr'>sotii,</span> <span class='ocrx_word' id='word_1_106' title='bbox 586 2020 709 2084; x_wconf 86' lang='lat' dir='ltr'>externi</span> <span class='ocrx_word' id='word_1_107' title='bbox 730 2021 934 2102; x_wconf 78' lang='lat' dir='ltr'>interessent,</span> <span class='ocrx_word' id='word_1_108' title='bbox 962 2019 1012 2086; x_wconf 87' lang='lat' dir='ltr'>di·</span> 
     </span>
     <span class='ocr_line' id='line_1_17' title="bbox 79 2111 1014 2224; baseline -0.004 -19"><span class='ocrx_word' id='word_1_109' title='bbox 79 2157 184 2205; x_wconf 79' lang='lat' dir='ltr'>uersae</span> <span class='ocrx_word' id='word_1_110' title='bbox 209 2133 389 2224; x_wconf 87' lang='lat' dir='ltr'>cupidines,</span> <span class='ocrx_word' id='word_1_111' title='bbox 410 2129 446 2198; x_wconf 81' lang='lat' dir='ltr'>dt</span> <span class='ocrx_word' id='word_1_112' title='bbox 462 2132 544 2199; x_wconf 88' lang='lat' dir='ltr'>aliud</span> <span class='ocrx_word' id='word_1_113' title='bbox 566 2133 677 2221; x_wconf 87' lang='lat' dir='ltr'>cuique</span> <span class='ocrx_word' id='word_1_114' title='bbox 699 2111 761 2216; x_wconf 78' lang='lat' dir='ltr'>sas,</span> <span class='ocrx_word' id='word_1_115' title='bbox 784 2133 1014 2223; x_wconf 80' lang='lat' dir='ltr'>necquidquam</span> 
     </span>
     <span class='ocr_line' id='line_1_18' title="bbox 79 2246 1013 2338; baseline 0.001 -18"><span class='ocrx_word' id='word_1_116' title='bbox 79 2252 256 2321; x_wconf 88' lang='lat' dir='ltr'>inlicitum.</span> <span class='ocrx_word' id='word_1_117' title='bbox 285 2247 349 2316; x_wconf 88' lang='lat' dir='ltr'>Per</span> <span class='ocrx_word' id='word_1_118' title='bbox 371 2247 566 2338; x_wconf 84' lang='lat' dir='ltr'>quatriduum</span> <span class='ocrx_word' id='word_1_119' title='bbox 581 2247 740 2316; x_wconf 80' lang='lat' dir='ltr'>Cremona</span> <span class='ocrx_word' id='word_1_120' title='bbox 761 2247 898 2317; x_wconf 77' lang='lat' dir='ltr'>suffecit.</span> <span class='ocrx_word' id='word_1_121' title='bbox 926 2246 1013 2321; x_wconf 65' lang='lat' dir='ltr'>Cum</span> 
     </span>
     <span class='ocr_line' id='line_1_19' title="bbox 78 2361 1012 2458; baseline -0.006 -22"><span class='ocrx_word' id='word_1_122' title='bbox 78 2370 197 2440; x_wconf 83' lang='lat' dir='ltr'>omnia·</span> <span class='ocrx_word' id='word_1_123' title='bbox 210 2389 295 2436; x_wconf 80' lang='lat' dir='ltr'>sacra</span> <span class='ocrx_word' id='word_1_124' title='bbox 319 2361 511 2455; x_wconf 79' lang='lat' dir='ltr'>profanoque</span> <span class='ocrx_word' id='word_1_125' title='bbox 538 2365 571 2431; x_wconf 91' lang='lat' dir='ltr'>in</span> <span class='ocrx_word' id='word_1_126' title='bbox 593 2365 671 2458; x_wconf 88' lang='lat' dir='ltr'>igne·</span> <span class='ocrx_word' id='word_1_127' title='bbox 695 2365 893 2433; x_wconf 74' lang='lat' dir='ltr'>considerent</span> <span class='ocrx_word' id='word_1_128' title='bbox 912 2372 1012 2452; x_wconf 80' lang='lat'>(65),</span> 
     </span>
     <span class='ocr_line' id='line_1_20' title="bbox 79 2475 1017 2574; baseline -0.004 -22"><span class='ocrx_word' id='word_1_129' title='bbox 79 2487 181 2554; x_wconf 86' lang='lat' dir='ltr'>solum</span> <span class='ocrx_word' id='word_1_130' title='bbox 204 2481 361 2574; x_wconf 80' lang='lat' dir='ltr'>Mephitis</span> <span class='ocrx_word' id='word_1_131' title='bbox 381 2489 454 2571; x_wconf 82' lang='lat'><strong>(⁶6)</strong></span> <span class='ocrx_word' id='word_1_132' title='bbox 486 2481 640 2572; x_wconf 85' lang='lat' dir='ltr'>templum</span> <span class='ocrx_word' id='word_1_133' title='bbox 661 2475 750 2548; x_wconf 84' lang='lat' dir='ltr'>stetit</span> <span class='ocrx_word' id='word_1_134' title='bbox 771 2496 846 2551; x_wconf 87' lang='lat' dir='ltr'>aute</span> <span class='ocrx_word' id='word_1_135' title='bbox 868 2483 984 2552; x_wconf 84' lang='lat' dir='ltr'>moeuia</span> <span class='ocrx_word' id='word_1_136' title='bbox 997 2526 1017 2564; x_wconf 71' lang='lat' dir='ltr'>r</span> 
     </span>
     <span class='ocr_line' id='line_1_21' title="bbox 78 2594 959 2683; baseline -0.006 -14"><span class='ocrx_word' id='word_1_137' title='bbox 78 2599 173 2683; x_wconf 82' lang='lat' dir='ltr'>loco,</span> <span class='ocrx_word' id='word_1_138' title='bbox 195 2621 251 2666; x_wconf 81' lang='lat' dir='ltr'>seu</span> <span class='ocrx_word' id='word_1_139' title='bbox 272 2595 415 2681; x_wconf 88' lang='lat' dir='ltr'>numine,</span> <span class='ocrx_word' id='word_1_140' title='bbox 437 2594 613 2668; x_wconf 69' lang='lat' dir='ltr'>defensum</span> <span class='ocrx_word' id='word_1_141' title='bbox 952 2642 959 2652; x_wconf 72' lang='lat'>-</span> 
     </span>
     <span class='ocr_line' id='line_1_22' title="bbox 158 2711 1013 2804; baseline 0.005 -24"><span class='ocrx_word' id='word_1_142' title='bbox 158 2711 324 2784; x_wconf 87' lang='lat' dir='ltr'>XXXIV.</span> <span class='ocrx_word' id='word_1_143' title='bbox 361 2715 427 2782; x_wconf 89' lang='lat' dir='ltr'>Hic</span> <span class='ocrx_word' id='word_1_144' title='bbox 457 2717 558 2782; x_wconf 85' lang='lat' dir='ltr'>exitus</span> <span class='ocrx_word' id='word_1_145' title='bbox 586 2713 756 2785; x_wconf 77' lang='lat' dir='ltr'>Cremonae</span> <span class='ocrx_word' id='word_1_146' title='bbox 782 2722 899 2804; x_wconf 80' lang='lat'>(67),</span> <span class='ocrx_word' id='word_1_147' title='bbox 927 2740 1013 2790; x_wconf 77' lang='lat' dir='ltr'>auno</span> 
     </span>
     <span class='ocr_line' id='line_1_23' title="bbox 32 2829 1013 2924; baseline 0.002 -25"><span class='ocrx_word' id='word_1_148' title='bbox 32 2873 36 2884; x_wconf 88' lang='lat'><em>·</em></span> <span class='ocrx_word' id='word_1_149' title='bbox 77 2853 238 2900; x_wconf 79' lang='lat' dir='ltr'>ccurrxur</span> <span class='ocrx_word' id='word_1_150' title='bbox 261 2831 459 2919; x_wconf 85' lang='lat' dir='ltr'>aprimordio</span> <span class='ocrx_word' id='word_1_151' title='bbox 481 2833 543 2896; x_wconf 86' lang='lat' dir='ltr'>sui.</span> <span class='ocrx_word' id='word_1_152' title='bbox 565 2829 702 2900; x_wconf 81' lang='lat' dir='ltr'>Condito</span> <span class='ocrx_word' id='word_1_153' title='bbox 723 2850 791 2898; x_wconf 84' lang='lat' dir='ltr'>erat</span> <span class='ocrx_word' id='word_1_154' title='bbox 800 2829 855 2899; x_wconf 90' lang='lat' dir='ltr'>Ti.</span> <span class='ocrx_word' id='word_1_155' title='bbox 863 2831 1013 2924; x_wconf 85' lang='lat' dir='ltr'>Sempro·</span> 
     </span>
     <span class='ocr_line' id='line_1_24' title="bbox 78 2944 1018 3040; baseline -0.001 -24"><span class='ocrx_word' id='word_1_156' title='bbox 78 2953 133 3016; x_wconf 85' lang='lat' dir='ltr'>nio</span> <span class='ocrx_word' id='word_1_157' title='bbox 157 2947 195 3014; x_wconf 82' lang='lat' dir='ltr'>dt</span> <span class='ocrx_word' id='word_1_158' title='bbox 214 2944 252 3014; x_wconf 85' lang='lat' dir='ltr'>P.</span> <span class='ocrx_word' id='word_1_159' title='bbox 261 2945 413 3016; x_wconf 86' lang='lat' dir='ltr'>Cornelio</span> <span class='ocrx_word' id='word_1_160' title='bbox 433 2947 623 3030; x_wconf 83' lang='lat' dir='ltr'>consulibus,</span> <span class='ocrx_word' id='word_1_161' title='bbox 644 2949 812 3040; x_wconf 84' lang='lat' dir='ltr'>ingruente</span> <span class='ocrx_word' id='word_1_162' title='bbox 834 2951 866 3016; x_wconf 91' lang='lat' dir='ltr'>in</span> <span class='ocrx_word' id='word_1_163' title='bbox 888 2947 1018 3018; x_wconf 76' lang='lat' dir='ltr'>ltaliam·</span> 
     </span>
     <span class='ocr_line' id='line_1_25' title="bbox 77 3061 1016 3155; baseline -0.003 -23"><span class='ocrx_word' id='word_1_164' title='bbox 77 3063 288 3146; x_wconf 71' lang='lat' dir='ltr'>Hannibale,</span> <span class='ocrx_word' id='word_1_165' title='bbox 319 3065 581 3155; x_wconf 82' lang='lat' dir='ltr'>propugnaculum</span> <span class='ocrx_word' id='word_1_166' title='bbox 605 3065 748 3132; x_wconf 76' lang='lat' dir='ltr'>aduersus</span> <span class='ocrx_word' id='word_1_167' title='bbox 768 3061 896 3148; x_wconf 81' lang='lat' dir='ltr'>Gallos,</span> <span class='ocrx_word' id='word_1_168' title='bbox 926 3080 1016 3132; x_wconf 68' lang='lat' dir='ltr'>trane</span> 
     </span>
     <span class='ocr_line' id='line_1_26' title="bbox 78 3176 1016 3272; baseline -0.001 -24"><span class='ocrx_word' id='word_1_169' title='bbox 78 3179 380 3272; x_wconf 81' lang='lat' dir='ltr'>Padumagentes,</span> <span class='ocrx_word' id='word_1_170' title='bbox 412 3178 446 3249; x_wconf 84' lang='lat' dir='ltr'>dt</span> <span class='ocrx_word' id='word_1_171' title='bbox 468 3181 575 3270; x_wconf 82' lang='lat' dir='ltr'>siqua</span> <span class='ocrx_word' id='word_1_172' title='bbox 597 3181 657 3248; x_wconf 85' lang='lat' dir='ltr'>alia</span> <span class='ocrx_word' id='word_1_173' title='bbox 679 3183 723 3247; x_wconf 83' lang='lat' dir='ltr'>ris</span> <span class='ocrx_word' id='word_1_174' title='bbox 746 3202 803 3272; x_wconf 87' lang='lat' dir='ltr'>per</span> <span class='ocrx_word' id='word_1_175' title='bbox 818 3176 918 3271; x_wconf 85' lang='lat' dir='ltr'>Alpes</span> <span class='ocrx_word' id='word_1_176' title='bbox 938 3201 1016 3260; x_wconf 58' lang='lat' dir='ltr'>rue«,</span> 
     </span>
     <span class='ocr_line' id='line_1_27' title="bbox 76 3293 1015 3386; baseline 0.004 -22"><span class='ocrx_word' id='word_1_177' title='bbox 76 3313 151 3365; x_wconf 86' lang='lat' dir='ltr'>ret.</span> <span class='ocrx_word' id='word_1_178' title='bbox 183 3293 288 3386; x_wconf 87' lang='lat' dir='ltr'>Igitur</span> <span class='ocrx_word' id='word_1_179' title='bbox 311 3317 437 3364; x_wconf 86' lang='lat' dir='ltr'>numero</span> <span class='ocrx_word' id='word_1_180' title='bbox 459 3295 641 3364; x_wconf 86' lang='lat' dir='ltr'>colonorum</span> <span class='ocrx_word' id='word_1_181' title='bbox 656 3298 932 3386; x_wconf 78' lang='lat' dir='ltr'>,opportunitate</span> <span class='ocrx_word' id='word_1_182' title='bbox 954 3295 1015 3368; x_wconf 76' lang='lat' dir='ltr'>flu·</span> 
     </span>
     <span class='ocr_line' id='line_1_28' title="bbox 77 3411 1012 3508; baseline -0.003 -28"><span class='ocrx_word' id='word_1_183' title='bbox 77 3413 223 3494; x_wconf 84' lang='lat' dir='ltr'>miurun,</span> <span class='ocrx_word' id='word_1_184' title='bbox 248 3411 339 3484; x_wconf 86' lang='lat' dir='ltr'>ubere</span> <span class='ocrx_word' id='word_1_185' title='bbox 359 3413 446 3508; x_wconf 86' lang='lat' dir='ltr'>agri,</span> <span class='ocrx_word' id='word_1_186' title='bbox 468 3434 589 3484; x_wconf 80' lang='lat' dir='ltr'>annexu</span> <span class='ocrx_word' id='word_1_187' title='bbox 611 3411 828 3504; x_wconf 69' lang='lat' dir='ltr'>connubiique</span> <span class='ocrx_word' id='word_1_188' title='bbox 849 3411 1012 3506; x_wconf 77' lang='lat' dir='ltr'>gentium,</span> 
     </span>
    </p>
   </div>
   <div class='ocr_carea' id='block_1_3' title="bbox 0 0 1250 3942">
    <p class='ocr_par' dir='ltr' id='par_1_3' title="bbox 0 0 1250 3942">
     <span class='ocr_line' id='line_1_29' title="bbox 0 0 1250 3942; baseline 0 3"><span class='ocrx_word' id='word_1_189' title='bbox 0 0 1250 3942; x_wconf 95' lang='lat' dir='ltr'> </span> 
     </span>
    </p>
   </div>
  </div>
 </body>
</html>
