2492 3942
253 213 668 287 ussronrnnuur
701 222 879 293 NOTAE.
967 184 1029 310 ,ές
1057 274 1096 313 .,

145 377 205 414 vere
223 357 324 427 quidem
343 356 491 426 legionarios
509 358 619 422 milites,
643 362 685 412 sed
710 379 743 414 ex
766 363 910 420 absentibus
927 364 1031 436 legioni-

146 435 193 487 bus
210 433 354 484 arcessitos.
375 429 439 502 llide
458 433 525 480 Ann-
538 449 561 492 1,
582 448 622 489 17.
784 435 798 458 ⁸

112 505 125 579 (
132 505 194 577 135)
213 499 366 575 Exemplum
390 498 459 556 ultro
481 500 641 576 imputavit·
667 506 736 559 Adeo
759 510 852 561 crimen
877 524 979 564 servatae
1004 515 1032 576 in

145 578 255 632 Galbam
274 577 331 630 lidei
349 592 401 628 non
418 573 518 636 renuit,
536 589 566 626 ut
581 593 638 629 eant
656 593 744 632 contra
763 581 862 636 Othoni
879 576 975 652 grabam
990 587 1032 638 de.

146 653 201 704 bere
218 667 270 702 esse
294 647 401 709 diceret,
417 647 508 714 quippe
526 651 600 710 cuius
624 649 755 705 interesset
779 651 841 708 fidos
867 655 959 708 habere
984 659 1031 710 mi-

143 737 249 776 nistros.
385 741 388 748 ·

110 793 194 868 (136¹)
214 789 363 854 NesOtbo,
369 792 457 920 ,ium
474 793 631 865 ignosceret,
649 793 712 859 ssd,
729 815 762 852 ne
780 795 859 854 bortis
876 811 977 853 metum
992 819 1033 855 re-

113 867 114 877 ’
144 866 334 924 conciliationis
351 884 369 918 a
389 860 503 920 biberet.
529 871 592 918 Haec
616 881 654 921 est
676 884 754 922 uetus
768 871 868 936 loliis,
890 875 967 935 cujus
990 873 1032 928 hic

142 957 233 996 sensus
249 957 302 994 esse
328 951 426 1006 potest:
453 937 602 1001 Othonem,
627 957 683 994 cum
702 943 804 997 Celsum
832 947 895 998 inter
911 964 971 1000 suos
987 947 1031 1000 ad-

142 1015 274 1080 scisceret,
296 1013 414 1073 cavisse,
439 1018 463 1062 te
487 1027 520 1062 ne
546 1011 565 1062 is
580 1013 684 1067 crederet
709 1018 811 1072 veniam
830 1019 875 1072 sibi
894 1018 947 1069 dari
964 1032 1030 1072 tam-

143 1103 223 1152 quam
240 1085 359 1144 nocenti,
377 1091 400 1136 ot
419 1097 451 1134 ne
469 1077 549 1136 hortis
568 1083 684 1139 Vitellius
709 1091 783 1142 Celso
806 1101 831 1145 st
853 1090 909 1145 aliis
932 1104 1031 1144 metum

143 1155 297 1222 adhiberet,
322 1157 454 1223 injiceret,
478 1156 690 1211 reconciliationis
713 1179 772 1214 cum
792 1163 918 1231 Othone,
942 1164 963 1214 si
988 1162 1031 1216 illa

143 1231 207 1288 falsa
224 1244 289 1284 esset
306 1243 352 1283 aut
371 1229 428 1280 fiola
446 1225 478 1280 ad
495 1241 608 1294 tempus·
633 1232 680 1284 Sed
704 1233 773 1286 locus
798 1237 896 1290 videtur
918 1251 971 1289 esse
987 1237 1030 1288 de·

140 1319 280 1376 pravatus,
298 1319 345 1354 nec
362 1295 502 1370 quidquem
520 1301 573 1366 opis
590 1303 617 1354 in
636 1301 701 1357 Flos.
719 1307 745 1358 in
764 1324 814 1375 quo
831 1310 901 1362 deest
922 1306 967 1358 hic
992 1308 1030 1360 fo.

142 1379 222 1431 lium·
241 1375 338 1445 Regius
355 1373 438 1426 scribit
454 1371 502 1428 sed
515 1369 599 1428 hostes
616 1388 732 1432 metum
747 1379 934 1438 consolationes
951 1376 1028 1434 adbi-

142 1447 221 1505 bens.
241 1446 358 1515 Ryclritss
374 1463 387 1498 e
406 1462 451 1498 suo
468 1447 553 1500 codice
570 1445 653 1510 dedit,
665 1447 720 1505 'sed
733 1469 766 1506 ne
782 1449 866 1508 bostes
888 1462 1029 1519 metuent,

141 1519 336 1646 consiliationes
353 1515 494 1574 adhibens:
513 1520 582 1590 quod
598 1535 659 1573 sane
676 1522 779 1578 cuilibet
796 1525 972 1596 interpolatum
990 1525 1029 1579 vi-

142 1597 173 1648 de
192 1595 255 1648 itur.

107 1666 191 1742 (ist)
210 1665 289 1723 Unde
312 1663 391 1722 nulla
414 1663 572 1720 innocentio
594 1682 679 1719 cura.
712 1669 882 1733 Qtamobrent
908 1687 985 1722 nemo
1004 1670 1029 1721 id

109 1743 126 1756 ⁴·
142 1739 195 1808 agit
212 1754 241 1792 ut
257 1740 363 1792 innoxie
381 1738 472 1800 vivat,
488 1737 531 1789 sed
548 1752 577 1788 ut
595 1739 734 1804 praestando
750 1741 806 1793 aliis
830 1744 1028 1809 impunitatem,

143 1814 256 1865 eamdem
274 1812 326 1878 ipse
344 1810 390 1862 sibi
409 1827 448 1874 per
466 1809 511 1860 hos
527 1821 637 1861 asserat.

107 1883 189 1960 (138)
208 1882 256 1938 Ad
271 1878 454 1954 instigandum
470 1879 502 1932 in
519 1897 597 1934 arma
613 1875 738 1936 Clodium
755 1887 898 1939 Manum·
922 1892 960 1939 Ut
978 1889 1028 1938 Ne·
1113 1876 1116 1882 ’

109 1961 113 1969 “
142 1955 209 2008 tonis
228 1955 351 2006 ultionem
369 1951 521 2017 susciperet.

107 2027 192 2112 (¹39)
213 2029 316 2098 Rursus
333 2023 399 2080 alios
416 2021 455 2078 ad
469 2037 611 2097 utrumque
713 2025 876 2081 exercitans·
900 2031 942 2081 ito
959 2029 1026 2082 codi.

143 2117 182 2152 ces
200 2109 224 2152 tc
241 2098 300 2152 editi
318 2096 563 2161 anteRbenonum,
580 2094 623 2163 qui
641 2098 716 2149 tacite
733 2099 821 2152 omisit
839 2117 925 2153 vocem
943 2099 1026 2157 alios·

106 2172 188 2250 (¹40)
204 2166 351 2246 increpabat
368 2166 454 2222 ultro.
473 2173 513 2222 lte
531 2169 629 2236 Regius
645 2169 722 2222 codex
740 2180 764 2224 oc
781 2171 856 2228 editio
873 2174 973 2239 prima,
998 2189 1027 2226 ut

142 2244 447 2309 conjeceratRhenanus,
465 2258 507 2308 pro
522 2237 704 2315 increpabant·
721 2249 816 2297 Tanto
828 2244 1027 2298 ante·Virellius

141 2320 276 2384 imperator
292 2319 416 2370 salutatus
432 2313 471 2366 die
486 2315 636 2380 rJanuarii,
654 2315 725 2368 Otho
741 2317 854 2376 eiusdem
873 2318 965 2370 mensis
983 2334 1025 2376 ις.

107 2389 188 2466 (141)
205 2386 331 2444 Omnibus
349 2387 462 2442 invicem
478 2385 591 2460 ignaris·
608 2389 676 2438 Cum
694 2405 777 2457 neque
790 2402 919 2440 noscerent
936 2407 1025 2457 quem-

142 2481 238 2532 quam,
256 2477 336 2531 neque
355 2474 529 2513 noscerentur.
556 2464 595 2512 lta
620 2458 686 2509 Flor.
705 2460 803 2530 Regius
826 2469 850 2514 lc
876 2462 1026 2519 vetustiores

142 2535 218 2598 editi,
237 2535 380 2589 Rhenanus
396 2532 472 2586 edidit
484 2530 577 2604 gnaris
593 2567 600 2578 ·
626 2538 744 2586 Veterem
768 2533 926 2597 teutonem,
949 2550 1024 2600 quant

141 2623 230 2660 sensus
248 2606 375 2675 postulat,
391 2604 502 2658 restituit
519 2607 655 2658 Ernesrus·
931 2609 935 2616 ⁴

104 2676 186 2755 (142)
204 2680 283 2733 Arrio
299 2679 448 2738 Antonino.
467 2677 506 2730 nd
524 2694 598 2745 quem
617 2677 692 2729 Plinii
707 2676 815 2745 epistole
834 2681 952 2744 4,3,18,
966 2689 989 2736 tc
1000 2696 1024 2753 ς,

144 2771 186 2803 ro.
205 2755 277 2804 Avus
294 2751 343 2802 fult
360 2765 485 2805 maternus
503 2749 628 2802 Antonini
642 2750 696 2802 Pii.

103 2823 186 2900 (ιη)
204 2820 351 2877 Carnulum
366 2819 527 2896 dignitatis.
553 2829 617 2874 Haec
642 2822 752 2893 intellige
776 2843 818 2894 per
840 2826 1024 2893 appositionem

141 2897 222 2950 uiuat
240 2896 357 2961 senibus,
373 2896 417 2960 qui
426 2894 533 2948 summis
550 2893 686 2949 bonoribus
705 2895 828 2963 personui
845 2897 965 2957 fuerant,
982 2898 1025 2950 ad.

107 2989 111 2996 ·
139 2970 202 3023 didit
218 2966 381 3037 pontificatus
397 2980 610 3036 atsguratusque,
634 2981 768 3038 tamquam
784 2971 919 3027 cumulum
943 2969 1025 3038 digni-

137 3044 212 3096 tatis.

103 3113 182 3188 (stt)
202 3109 289 3186 Quod
301 3109 422 3166 avaritia
438 3107 550 3184 fuerat,
575 3108 663 3166 videri
679 3111 871 3179 rnajostatem·
905 3112 955 3164 Eos
978 3115 1024 3181 qui

140 3186 286 3238 criminibus
303 3183 413 3238 avaritiae
432 3184 520 3236 merito
536 3183 650 3238 damnati
668 3185 793 3245 fuerant,
825 3183 904 3236 videri
929 3183 1025 3250 percul-

139 3275 180 3311 sos
196 3260 328 3326 tyrannica
352 3257 405 3326 lege
430 3256 587 3319 majestatis,
611 3273 664 3321 qun
682 3258 742 3318 lex,
766 3256 911 3308 acerrimum
936 3269 1025 3311 contra

138 3333 291 3386 innocentes
308 3331 410 3387 telum,
433 3328 531 3382 animos
554 3328 667 3386 omnium
692 3329 728 3381 ira
745 3326 903 3390 offenderat,
927 3342 955 3380 ut
969 3330 1024 3389 ejus

141 3404 267 3465 nomine,
285 3403 356 3454 bonae
374 3395 452 3458 etiem
469 3401 559 3472 leget,
576 3414 637 3468 puta
655 3401 865 3470 repetundarum,
881 3417 924 3468 sto
943 3399 1023 3454 nihilo

184 3489 408 3552 uranum.
677 3482 729 3548 Bb
