2492 3942
154 273 868 376 Amucmcccxmrmncnnss.
931 327 989 380 1„

76 464 146 540 ptus
167 420 235 530 ese,
256 447 400 536 portendi
420 446 474 512 sibi
493 447 656 536 imperium
676 448 839 515 credebat.
860 445 917 512 Est
937 444 1011 538 Jug

76 545 177 629 daeam
197 563 279 628 inter
300 561 477 652 Syriamque
498 560 684 646 Carmelus,
705 566 750 629 ita
771 537 882 630 uocant
904 583 993 628 mon·

77 698 162 760 tem,
184 677 354 768 deumque:
377 699 434 746 nec
455 679 648 744 simulacrum
663 679 741 761 deo,
761 695 815 744 aut
828 677 995 767 templum,

76 796 119 862 sic
135 793 291 863 tradidere
305 796 452 875 majores:
467 817 521 888 ara
536 791 992 884 tantum&reuerentia(118).

76 909 147 976 Illic
168 907 348 978 sacrificanti
364 909 572 998 Vespasiano,
593 931 663 976 cum
684 933 753 1000 spes
774 909 907 976 occultas
921 931 993 976 ver-

75 1043 158 1094 saret
176 1024 299 1106 animo,
323 1024 470 1092 Basilides
482 1024 642 1107 sacerdos,
663 1024 803 1114 inspedis
824 1024 993 1094 identidem

22 1155 23 1158 ’
75 1135 168 1210 extis:
198 1140 359 1226 ,Quidquid
375 1159 439 1224 est,
460 1140 580 1231 inquit,
609 1145 810 1232 Vespasium,
840 1141 921 1227 quod
935 1157 992 1227 pu-

76 1282 157 1341 ras,
191 1277 245 1323 seu
265 1258 387 1324 domum
408 1275 596 1338 exstruere,
617 1278 669 1323 seu
686 1259 852 1345 prolatare
871 1278 994 1342 agros,

74 1379 140 1442 sive
167 1370 318 1458 ampliare
346 1377 480 1439 servitia
492 1397 505 1457 ,·
541 1373 637 1440 datur
664 1372 723 1439 tibi
744 1393 856 1459 magns
883 1371 995 1455 sedes,

74 1493 210 1576 ingentes
231 1490 378 1570 termini,
401 1489 531 1554 multum
552 1487 723 1560 bominum.
759 1484 830 1553 Has
850 1486 993 1580 ambages

73 1602 235 1672 &statim
257 1622 421 1693 exceperat
443 1601 549 1687 fama,
571 1602 606 1672 dc
628 1621 701 1672 tunc
722 1603 905 1696 aperiebat3
933 1626 993 1670 nec

73 1721 240 1810 quidquam
262 1720 357 1809 magis
379 1720 410 1786 in
424 1742 476 1786 ore
489 1721 593 1810 vulgi:
615 1721 783 1804 crebriores
796 1718 878 1807 apud
893 1718 993 1804 ipsum

73 1854 250 1918 sermones,
271 1851 388 1924 quanto
408 1834 710 1934 sperantibusplura
732 1835 894 1900 dicuntur.
995 1885 997 1890 ,

71 2051 75 2060 ’
125 2087 126 2094 “
192 2071 230 2132 In
251 2061 412 2150 AEgyptu,
435 2083 504 2130 mox
527 2068 560 2130 in
574 2065 687 2145 syris,
707 2069 882 2149 Imperator

331 2177 490 2244 salutatur
510 2181 733 2268 Vespasianus.

115 2408 303 2482 LXXIX..
321 2411 419 2500 Haud
447 2411 536 2500 dubia
566 2409 772 2478 destinatione
798 2407 994 2491 discessere,

74 2529 243 2598 Mucianus
265 2523 483 2612 Antiochiam,
506 2529 713 2619 Vespasianus
733 2521 924 2592 Caesaream:
952 2525 1002 2590 il·-

74 2645 105 2711 la
128 2645 245 2724 syria,
266 2642 332 2711 haec
361 2644 476 2731 Judaeae
503 2662 597 2736 caput
630 2661 695 2710 est.
725 2639 851 2710 lnitium
873 2637 993 2709 serendi

74 2763 112 2828 ad
137 2759 361 2849 Vespasianum
382 2761 503 2852 imperii
524 2759 724 2828 Alexandriae
743 2777 912 2849 emptum,
942 2755 992 2824 se·

65 2858 212 2944 ‘stiuante
237 2870 364 2942 Tiberio
389 2874 587 2958 Alexandro,
608 2877 662 2968 qui
682 2874 829 2942 Kalendis
843 2873 929 2960 Juliis
943 2862 991 2939 sa-

75 3009 238 3059 cramento
261 2992 327 3070 ejus
349 2991 486 3083 legiones
507 2992 629 3084 adegit.
652 2989 743 3082 Isque
763 2991 879 3081 primus
906 2989 992 3078 prin-

75 3108 196 3198 cipatils
217 3107 283 3174 dies
304 3106 335 3174 in
351 3112 508 3198 posterum
524 3107 715 3189 celebratus,
736 3107 872 3196 quamuis
887 3103 992 3190 ludai-

76 3244 129 3287 cus
151 3225 303 3290 exercitus
324 3225 433 3314 quinto
455 3222 558 3292 Nonas
587 3222 682 3310 Julius
708 3221 787 3311 apud
817 3222 915 3309 ipsum
944 3224 991 3302 ju-

75 3351 193 3418 rasset,
214 3359 251 3403 eo
272 3340 403 3421 ardore,
433 3356 467 3404 ut
497 3359 536 3404 ne
558 3335 653 3405 Titus
681 3336 803 3426 quidem
833 3333 910 3399 filins
936 3354 992 3400 ex-

75 3450 284 3542 spatiaretur,
297 3453 385 3535 Syria
401 3475 559 3535 remeans,
571 3451 809 3521 &consiliorum
824 3448 993 3516 interMu·
